2415 2922
230 1937 299 1966 xtl.

1152 204 1320 234 ..22-

317 317 388 338 vem
422 305 640 338 Monammadc'
674 303 908 336 ibn-'AbiBacr
942 314 1091 335 manumr
1110 304 1139 336 ei
1172 303 1342 337 inferenti:
1377 305 1471 346 Quis,
1509 305 1616 348 inquit
1648 303 1727 350 {lysa
1748 308 1780 344 ¹,
1807 308 1999 350 aggreditur
2023 319 2153 342 uxorem

316 373 413 416 legati
435 373 490 404 Dei
517 371 700 416 (benedicat
722 371 751 404 ei
776 372 874 409 Deus,
897 370 992 413 eique
1014 370 1149 403 salutem
1169 370 1260 413 det)?
1290 373 1373 404 Heus
1389 383 1460 404 mea
1476 373 1652 411 sororcula,
1669 372 1793 416 inquit,
1820 373 1873 405 dic
1888 373 1997 417 ignem
2026 375 2153 408 mundi.

317 442 353 472 Et
376 439 448 471 itta:
473 441 587 483 Ignem
612 438 744 478 mundi,
772 438 879 481 inquit
899 439 924 469 2.
950 455 995 463 --
1017 437 1112 473 Tali-ta
1141 437 1278 481 sagittae
1300 438 1364 471 ictu
1388 438 1576 472 interfectus
1602 447 1665 473 est:
1689 451 1794 484 genua
1820 451 1875 472 sua
1906 441 1947 473 ad
1974 442 2049 484 equi
2073 443 2155 475 latus

316 507 502 550 applicans,
541 518 597 548 per
630 506 770 538 multum
804 505 996 548 sanguinem
1032 505 1249 548 profluentem
1281 512 1466 548 enervatus,
1494 517 1593 550 puero
1619 506 1719 539 dixit:
1751 507 1865 539 Abduc
1892 518 1945 540 me
1976 515 2008 540 et
2037 519 2156 551 quaere

318 574 399 606 mihi
431 575 548 606 locum.
617 573 679 605 Sed
708 579 854 605 mortuus
883 579 930 605 est
957 579 1132 615 antequam
1161 571 1308 616 pervenit
1335 572 1377 604 ad
1404 572 1511 605 locum
1541 574 1582 606 ad
1616 585 1713 617 quem
1743 586 1776 607 se
1797 574 1915 607 abduci
1947 575 2157 619 jusserat.—

318 641 492 674 Az-Zobair
520 642 640 674 occisus
664 647 711 673 est
735 640 769 672 in
795 640 902 673 reditu
929 641 962 672 in
987 641 1083 672 Wadi
1104 640 1260 673 ·as-Siba=.
1285 641 1412 674 Occidit
1435 652 1508 674 eum
1534 643 1612 674 ²Amr
1640 642 1877 684 ·ihu-Gor1nfiz‚
1911 644 1966 687 qui
1994 655 2067 677 cum
2089 646 2157 688 ejus

318 709 427 751 gladio
450 720 550 752 quum
577 708 617 740 ad
643 708 745 740 *Alium
768 708 920 749 venisset,
947 707 1002 740 hic
1030 707 1076 740 illi
1103 708 1195 740 dixit:
1229 708 1376 742 Profecto
1406 709 1460 741 hie
1490 715 1536 741 est
1566 709 1710 753 gladius,
1739 711 1795 753 qui
1828 711 1883 743 diu
1906 711 2156 744 sollicitudinem

317 776 425 819 injecit
441 776 545 819 legato
557 776 612 808 Dei
627 776 810 820 (benedicat
825 776 853 808 ei
866 778 946 808 Deus
957 800 965 816 ‚
979 775 1073 818 eique
1088 775 1224 808 salutem
1238 776 1319 818 det).
1336 776 1452 808 Audivi
1463 787 1536 809 eum
1554 776 1734 809 dicentem:
1753 777 1902 809 Exhilara
1920 778 2158 811 interfectorem

315 842 562 887 'Ibn-Cas1jae(i.
575 855 601 875 e.
618 843 820 885 nz-Zobairz')
837 843 952 876 nuntio
968 842 1066 887 ignis.
1079 861 1116 868 -—
1129 841 1207 887 §yse
1224 842 1347 875 obsessa
1366 849 1398 875 ct
1409 849 1501 886 capta
1518 849 1576 876 est.
1600 843 1650 875 ²Ali
1664 845 1805 886 (gratum
1823 855 1898 876 eum
1920 845 2041 878 habeat
2061 847 2157 888 Deus)

322 915 450 956 Baeram
473 924 545 946 cum
571 912 662 944 sociis
684 911 847 955 profectus
868 911 979 954 ibique
1000 911 1042 942 ab
1066 910 1177 943 incolis
1198 906 1297 945 (alifa
1322 910 1476 943 salutatus
1498 918 1554 944 est.
1574 909 1753 944 'O‘tmanum
1775 911 1980 948 ·ibn-Honaif
1997 913 2158 953 liberavit,

316 980 491 1024 {ty-amque
519 981 656 1023 (gratam
686 990 757 1011 eam
787 977 907 1011 habeat
929 978 1026 1020 Deus)
1059 984 1215 1022 apparatu
1245 977 1415 1018 instruxit,
1435 977 1632 1021 fratremque
1661 979 1729 1022 ejus
1752 979 2005 1015 Mohammadem
2027 991 2101 1012 eum
2122 992 2157 1013 ea

316 1047 474 1092 proficisci
496 1046 602 1090 jussit.
650 1048 721 1089 Ipse
742 1056 872 1088 quoque
892 1056 950 1088 per
981 1044 1106 1087 aliquot
1130 1044 1280 1077 milliaria
1304 1056 1376 1077 eam
1399 1044 1568 1077 comitatus
1594 1050 1660 1086 est,
1692 1044 1839 1088 filiosque
1861 1057 1919 1089 per
1950 1057 2050 1078 unum
2072 1046 2159 1079 diem

316 1127 388 1148 cum
416 1127 451 1148 ea
474 1115 572 1147 misit.
601 1133 638 1139 --
663 1113 783 1146 Dicunt
804 1113 922 1146 incolas
947 1113 1088 1148 Medinae
1109 1112 1259 1145 certiores
1285 1124 1351 1145 esse
1377 1112 1477 1145 factos
1505 1113 1545 1145 de
1574 1112 1627 1145 die
1651 1112 1771 1145 Cameli
1802 1112 1855 1145 die
1879 1113 1964 1145 Jovis
1988 1120 2064 1146 ante
2087 1113 2161 1146 solis

315 1193 478 1223 oceasum,
511 1192 548 1214 eo
575 1182 643 1225 ipso
667 1181 742 1222 die,
772 1191 838 1223 quo
860 1191 971 1224 pugna
1001 1179 1168 1213 commissa
1197 1185 1295 1212 esset:
1329 1179 1390 1212 boc
1420 1185 1527 1211 autem
1557 1179 1633 1211 inde
1665 1178 1787 1211 factum
1817 1190 1901 1220 esse,
1937 1179 2025 1222 quod
2051 1179 2159 1222 aquila

316 1249 567 1293 praetervolaret
598 1248 632 1280 in
658 1247 776 1280 vicinia
800 1247 960 1289 Medinae,
986 1258 1069 1290 quae
1100 1258 1167 1280 rem
1195 1246 1357 1289 quandam
1388 1258 1574 1290 suspensam
1599 1252 1755 1290 gestaret:
1788 1247 1872 1278 hanc
1904 1257 1971 1279 rem
2007 1247 2160 1280 animad-

317 1328 437 1349 versam
477 1316 518 1348 ab
556 1314 745 1349 hominibus
779 1321 812 1347 et
841 1315 1006 1358 delapsam
1037 1325 1115 1347 esse.
1171 1313 1277 1346 Fuisse
1309 1319 1417 1346 autem
1452 1324 1586 1345 manum
1620 1323 1694 1344 cum
1724 1312 1850 1356 sigillo,
1897 1314 1985 1356 quod
2022 1314 2161 1348 cudisset

316 1383 613 1418 Abdo-r-Rahmzin
643 1382 818 1414 {bn-Anah
838 1382 860 1414 3.
900 1384 939 1414 Et
962 1381 1007 1414 sic
1035 1393 1087 1415 eos
1115 1392 1261 1424 quoque,
1291 1381 1347 1423 qui
1379 1381 1566 1413 habitarent
1588 1381 1672 1414 intcr
1694 1383 1826 1417 Meecam
1848 1387 1880 1413 et
1903 1381 2074 1422 Medinam‚
2095 1381 2162 1413 sive

320 1453 451 1495 propius
477 1451 542 1484 sive
565 1451 693 1494 longius
718 1452 817 1494 Baergi
842 1450 957 1483 remoti
981 1455 1104 1490 essent,
1128 1460 1236 1481 casum
1262 1448 1448 1493 cognovisse
1471 1459 1509 1480 ex
1533 1447 1683 1480 manibus
1706 1454 1739 1480 et
1758 1448 1913 1491 pedibus,
1938 1459 2021 1491 quae
2043 1448 2086 1480 ad
2108 1460 2160 1482 eos

316 1526 491 1563 gestassent
505 1518 644 1562 aquilae.
667 1538 705 1541 —
723 1518 841 1550 Dicunt
860 1529 1033 1550 numerum
1057 1517 1233 1550 occisorum
1254 1516 1296 1549 de
1317 1515 1410 1548 sociis
1426 1515 1541 1548 cameli
1558 1514 1656 1548 fuisse
1673 1521 1744 1548 octo
1760 1515 1861 1547 millia
1873 1539 1881 1555 ‚
1896 1515 1962 1556 vel,
1981 1516 2160 1548 secundum

315 1588 413 1627 aiios,
439 1586 671 1629 septendecim.
703 1586 875 1618 Memoriae
897 1584 1051 1618 traditum
1074 1591 1123 1617 est
1148 1589 1328 1627 amputatas
1352 1594 1418 1615 esse
1444 1583 1486 1615 ad
1511 1583 1654 1615 habenas
1672 1582 1786 1615 cameli
1807 1582 2012 1626 septuaginta
2033 1594 2160 1624 manus,

315 1665 491 1697 omnesque
515 1665 567 1686 eas
590 1652 688 1685 fuisse
710 1652 852 1685 virorum
886 1664 924 1684 ex
946 1647 1131 1695 Gabbaz'tz's:
1157 1652 1425 1694 quotiescumque
1453 1650 1519 1683 viro
1547 1662 1659 1683 manus
1683 1657 1848 1694 amputata
1879 1658 1959 1684 esset
1995 1651 2077 1684 alius
2114 1652 2163 1684 vir

316 1722 349 1753 in
377 1722 484 1753 locum
512 1720 580 1763 ejus
609 1718 766 1752 successit.
825 1718 928 1750 Occisi
954 1724 1061 1750 autem
1085 1725 1160 1750 sunt
1195 1719 1236 1750 dc
1276 1718 1368 1751 sociis
1395 1717 1460 1750 ²Altz'
1488 1719 1631 1761 (gratum
1655 1729 1728 1750 eum
1762 1717 1880 1750 habeat
1905 1719 2004 1761 Deus)
2033 1719 2162 1752 circiter

318 1790 416 1822 inille.
433 1809 462 1813 —

402 1926 482 1970 stfija
509 1925 678 1958 *ibudazid
699 1924 858 1964 -ibn-Qais
884 1924 1019 1966 >al-Qatji.

404 1994 525 2026 Genius
558 1993 682 2025 derivat
715 2004 732 2023 a
767 1992 910 2033 Qahtano
940 1989 1100 2022 zat-anso.
1148 1987 1313 2020 Al-Mahdi
1344 1998 1418 2019 eum
1454 1987 1580 2019 muneri
1608 1986 1728 2030 judicis
1755 1987 1974 2030 Bagdadensis
2005 1987 2160 2031 praefecit

320 2063 350 2093 in
383 2062 482 2093 latere
509 2059 670 2093 orientali.
720 2058 921 2091 Traditiones
956 2057 1067 2090 retulit
1099 2055 1287 2088 auctoritate
1322 2055 1557 2091 Mohammadis
1598 2053 1970 2090 ibn-*Abdi-r-Rahmz‘in
2005 2053 2163 2086 ibn-Abi-

401 2219 410 2238 1
433 2217 531 2245 Malim
553 2216 688 2245 additum
704 2225 763 2244 esse
789 2216 822 2244 in
845 2214 915 2244 Cod.
937 2224 1046 2244 nomen
1064 2212 1163 2253 nysae.

401 2282 413 2302 2
434 2280 608 2309 Emendatio
633 2280 665 2308 in
698 2284 781 2308 textu
812 2279 963 2319 proposita
992 2278 1067 2308 mihi
1089 2285 1241 2319 propterea
1262 2279 1359 2307 minus
1389 2278 1499 2317 placet,
1532 2279 1613 2319 quod
1636 2278 1731 2308 videre
1747 2289 1861 2319 nequeo
1892 2280 2041 2319 quomodo
2069 2280 2163 2309 scriba

321 2344 378 2372 tale
399 2344 543 2372 mendum
564 2342 687 2372 scrihere
701 2343 840 2383 potuerit.

401 2411 414 2432 3
435 2410 517 2439 Naw.
537 2421 566 2450 p.
589 2416 653 2446 ΗΜ,
677 2410 728 2439 ubi
750 2410 874 2439 eandem
894 2410 930 2439 de
949 2420 1042 2439 manu
1060 2410 1180 2451 delapsa
1208 2410 1398 2440 traditionem
1424 2410 1518 2439 refert.
1556 2409 1651 2438 Minus
1679 2415 1812 2438 accurate
1836 2410 1887 2440 hic
1906 2411 2016 2441 dicitur
2030 2412 2161 2441 ‘Abdo—r-

323 2473 458 2502 ltahman
475 2472 587 2501 cudisse
603 2472 749 2512 sigillum,
767 2483 861 2512 quum
885 2473 1045 2502 dicendum
1066 2473 1160 2503 fuerat
1177 2474 1238 2513 ejus
1257 2474 1343 2503 fuisse
1362 2484 1499 2509 manum,
1522 2483 1597 2512 quae
1616 2473 1733 2513 delapsa
1752 2479 1832 2503 esset.
