<?xml version="1.0" encoding="UTF-8"?>
<!DOCTYPE html PUBLIC "-//W3C//DTD XHTML 1.0 Transitional//EN"
    "http://www.w3.org/TR/xhtml1/DTD/xhtml1-transitional.dtd">
<html xmlns="http://www.w3.org/1999/xhtml" xml:lang="en" lang="en">
 <head>
  <title>
</title>
<meta http-equiv="Content-Type" content="text/html;charset=utf-8" />
  <meta name='ocr-system' content='tesseract 3.04.00' />
  <meta name='ocr-capabilities' content='ocr_page ocr_carea ocr_par ocr_line ocrx_word'/>
</head>
<body>
  <div class='ocr_page' id='page_1' title='image "./specimenliterari00amaduoft_0043.png"; bbox 0 0 2415 2922; ppageno 0'>
   <div class='ocr_carea' id='block_1_1' title="bbox 301 920 2051 1205">
    <p class='ocr_par' dir='ltr' id='par_1_1' title="bbox 1146 920 1169 948">
     <span class='ocr_line' id='line_1_1' title="bbox 1146 920 1169 948; baseline 0 0"><span class='ocrx_word' id='word_1_1' title='bbox 1146 920 1169 948; x_wconf 90' lang='lat'>1.</span> 
     </span>
    </p>

    <p class='ocr_par' dir='ltr' id='par_1_2' title="bbox 301 971 1935 1078">
     <span class='ocr_line' id='line_1_2' title="bbox 301 971 1935 1016; baseline 0.006 -14"><span class='ocrx_word' id='word_1_2' title='bbox 301 974 339 1002; x_wconf 90' lang='lat' dir='ltr'>In</span> <span class='ocrx_word' id='word_1_3' title='bbox 361 973 508 1003; x_wconf 79' lang='lat' dir='ltr'><strong>Ciceronis</strong></span> <span class='ocrx_word' id='word_1_4' title='bbox 530 973 566 1002; x_wconf 82' lang='lat' dir='ltr'>de</span> <span class='ocrx_word' id='word_1_5' title='bbox 587 971 709 1002; x_wconf 84' lang='lat' dir='ltr'><strong>Finibus</strong></span> <span class='ocrx_word' id='word_1_6' title='bbox 731 971 782 1000; x_wconf 88' lang='lat' dir='ltr'>IV:</span> <span class='ocrx_word' id='word_1_7' title='bbox 813 972 845 1008; x_wconf 91' lang='lat'>1,</span> <span class='ocrx_word' id='word_1_8' title='bbox 870 971 883 999; x_wconf 92' lang='lat' dir='ltr'>l</span> <span class='ocrx_word' id='word_1_9' title='bbox 908 981 962 1011; x_wconf 90' lang='lat' dir='ltr'>pro</span> <span class='ocrx_word' id='word_1_10' title='bbox 983 972 1040 999; x_wconf 73' lang='lat' dir='ltr'>etsi</span> <span class='ocrx_word' id='word_1_11' title='bbox 1059 972 1158 1000; x_wconf 73' lang='lat' dir='ltr'>minu-5</span> <span class='ocrx_word' id='word_1_12' title='bbox 1178 982 1256 1007; x_wconf 78' lang='lat' dir='ltr'><em>vere,</em></span> <span class='ocrx_word' id='word_1_13' title='bbox 1280 979 1355 1003; x_wconf 86' lang='lat' dir='ltr'>recte</span> <span class='ocrx_word' id='word_1_14' title='bbox 1377 977 1534 1016; x_wconf 84' lang='lat' dir='ltr'>corrigitur</span> <span class='ocrx_word' id='word_1_15' title='bbox 1557 985 1599 1013; x_wconf 74' lang='lat' dir='ltr'>et,</span> <span class='ocrx_word' id='word_1_16' title='bbox 1623 981 1651 1007; x_wconf 69' lang='lat' dir='ltr'>si</span> <span class='ocrx_word' id='word_1_17' title='bbox 1675 982 1772 1010; x_wconf 76' lang='lat' dir='ltr'>minus</span> <span class='ocrx_word' id='word_1_18' title='bbox 1795 992 1860 1010; x_wconf 75' lang='lat' dir='ltr'>tere</span> <span class='ocrx_word' id='word_1_19' title='bbox 1882 989 1935 1012; x_wconf 82' lang='lat' dir='ltr'>etc.</span> 
     </span>
     <span class='ocr_line' id='line_1_3' title="bbox 1139 1049 1179 1078; baseline 0.025 -1"><span class='ocrx_word' id='word_1_20' title='bbox 1139 1049 1179 1078; x_wconf 93' lang='lat'>11.</span> 
     </span>
    </p>

    <p class='ocr_par' dir='ltr' id='par_1_3' title="bbox 302 1099 2051 1205">
     <span class='ocr_line' id='line_1_4' title="bbox 302 1099 2051 1148; baseline 0.006 -18"><span class='ocrx_word' id='word_1_21' title='bbox 302 1102 339 1130; x_wconf 89' lang='lat' dir='ltr'>In</span> <span class='ocrx_word' id='word_1_22' title='bbox 359 1100 492 1141; x_wconf 82' lang='lat' dir='ltr'>ejusdem</span> <span class='ocrx_word' id='word_1_23' title='bbox 513 1101 549 1129; x_wconf 77' lang='lat' dir='ltr'>de</span> <span class='ocrx_word' id='word_1_24' title='bbox 571 1100 679 1130; x_wconf 84' lang='lat' dir='ltr'>Officiis</span> <span class='ocrx_word' id='word_1_25' title='bbox 700 1101 746 1130; x_wconf 90' lang='lat' dir='ltr'>II:</span> <span class='ocrx_word' id='word_1_26' title='bbox 761 1099 861 1138; x_wconf 83' lang='lat' dir='ltr'>lO‚37</span> <span class='ocrx_word' id='word_1_27' title='bbox 875 1110 941 1140; x_wconf 88' lang='lat' dir='ltr'>pro:</span> <span class='ocrx_word' id='word_1_28' title='bbox 956 1101 1080 1140; x_wconf 72' lang='lat' dir='ltr'>majoris</span> <span class='ocrx_word' id='word_1_29' title='bbox 1094 1102 1197 1139; x_wconf 72' lang='lat' dir='ltr'>partis</span> <span class='ocrx_word' id='word_1_30' title='bbox 1219 1103 1324 1139; x_wconf 78' lang='lat' dir='ltr'>animi,</span> <span class='ocrx_word' id='word_1_31' title='bbox 1345 1103 1506 1142; x_wconf 84' lang='lat' dir='ltr'><strong>legendum</strong></span> <span class='ocrx_word' id='word_1_32' title='bbox 1527 1112 1580 1136; x_wconf 84' lang='lat' dir='ltr'>est:</span> <span class='ocrx_word' id='word_1_33' title='bbox 1604 1111 1743 1148; x_wconf 79' lang='lat' dir='ltr'><strong><em>majorem</em></strong></span> <span class='ocrx_word' id='word_1_34' title='bbox 1756 1117 1873 1148; x_wconf 77' lang='lat' dir='ltr'>partem</span> <span class='ocrx_word' id='word_1_35' title='bbox 1891 1112 2051 1140; x_wconf 76' lang='lat' dir='ltr'>hominum.</span> 
     </span>
     <span class='ocr_line' id='line_1_5' title="bbox 1126 1175 1182 1205; baseline 0.018 -1"><span class='ocrx_word' id='word_1_36' title='bbox 1126 1175 1182 1205; x_wconf 91' lang='grc' dir='ltr'><strong>ΙΙΙ.</strong></span> 
     </span>
    </p>
   </div>
   <div class='ocr_carea' id='block_1_2' title="bbox 224 1227 1235 1461">
    <p class='ocr_par' dir='ltr' id='par_1_4' title="bbox 224 1227 1235 1461">
     <span class='ocr_line' id='line_1_6' title="bbox 304 1227 802 1268; baseline -0.004 -11"><span class='ocrx_word' id='word_1_37' title='bbox 304 1229 342 1257; x_wconf 88' lang='lat' dir='ltr'>In</span> <span class='ocrx_word' id='word_1_38' title='bbox 363 1228 482 1268; x_wconf 85' lang='lat' dir='ltr'>Virgilii</span> <span class='ocrx_word' id='word_1_39' title='bbox 508 1228 625 1258; x_wconf 75' lang='lat' dir='ltr'>Aeneid.</span> <span class='ocrx_word' id='word_1_40' title='bbox 651 1227 706 1262; x_wconf 85' lang='lat' dir='ltr'>VI,</span> <span class='ocrx_word' id='word_1_41' title='bbox 730 1227 802 1256; x_wconf 86' lang='lat'><strong>473:</strong></span> 
     </span>
     <span class='ocr_line' id='line_1_7' title="bbox 708 1291 1229 1331; baseline 0.002 -12"><span class='ocrx_word' id='word_1_42' title='bbox 708 1291 839 1331; x_wconf 74' lang='lat' dir='ltr'>Quisque</span> <span class='ocrx_word' id='word_1_43' title='bbox 860 1301 928 1320; x_wconf 75' lang='lat' dir='ltr'><em>suos</em></span> <span class='ocrx_word' id='word_1_44' title='bbox 944 1292 1084 1331; x_wconf 79' lang='lat' dir='ltr'>patimur</span> <span class='ocrx_word' id='word_1_45' title='bbox 1106 1292 1229 1327; x_wconf 65' lang='grc' dir='ltr'>Μανιος,-</span> 
     </span>
     <span class='ocr_line' id='line_1_8' title="bbox 224 1357 470 1396; baseline -0.004 -10"><span class='ocrx_word' id='word_1_46' title='bbox 224 1366 287 1386; x_wconf 82' lang='lat' dir='ltr'>vere</span> <span class='ocrx_word' id='word_1_47' title='bbox 310 1357 470 1396; x_wconf 83' lang='lat' dir='ltr'>corrigitur</span> 
     </span>
     <span class='ocr_line' id='line_1_9' title="bbox 654 1419 1235 1461; baseline 0.003 -14"><span class='ocrx_word' id='word_1_48' title='bbox 654 1457 659 1461; x_wconf 38' lang='grc' dir='ltr'><strong><em>ι</em></strong></span> <span class='ocrx_word' id='word_1_49' title='bbox 707 1419 838 1458; x_wconf 79' lang='lat' dir='ltr'>Quisque</span> <span class='ocrx_word' id='word_1_50' title='bbox 859 1430 946 1448; x_wconf 74' lang='lat' dir='ltr'>suum</span> <span class='ocrx_word' id='word_1_51' title='bbox 962 1421 1102 1459; x_wconf 81' lang='lat' dir='ltr'>patimur</span> <span class='ocrx_word' id='word_1_52' title='bbox 1124 1422 1235 1450; x_wconf 73' lang='lat' dir='ltr'><em>Manes.</em></span> 
     </span>
    </p>
   </div>
   <div class='ocr_carea' id='block_1_3' title="bbox 301 1497 1535 1589">
    <p class='ocr_par' dir='ltr' id='par_1_5' title="bbox 301 1497 1535 1589">
     <span class='ocr_line' id='line_1_10' title="bbox 1130 1497 1180 1526; baseline 0 0"><span class='ocrx_word' id='word_1_53' title='bbox 1130 1497 1180 1526; x_wconf 79' lang='lat' dir='ltr'>lv,</span> 
     </span>
     <span class='ocr_line' id='line_1_11' title="bbox 301 1548 1535 1589; baseline 0.004 -11"><span class='ocrx_word' id='word_1_54' title='bbox 301 1550 338 1579; x_wconf 90' lang='lat' dir='ltr'>In</span> <span class='ocrx_word' id='word_1_55' title='bbox 361 1550 472 1579; x_wconf 84' lang='lat' dir='ltr'>Horatii</span> <span class='ocrx_word' id='word_1_56' title='bbox 496 1549 591 1578; x_wconf 86' lang='lat' dir='ltr'>Carm.</span> <span class='ocrx_word' id='word_1_57' title='bbox 613 1549 662 1584; x_wconf 89' lang='lat' dir='ltr'>IV,</span> <span class='ocrx_word' id='word_1_58' title='bbox 685 1548 704 1578; x_wconf 88' lang='grc'><strong>6</strong></span> <span class='ocrx_word' id='word_1_59' title='bbox 725 1548 872 1589; x_wconf 82' lang='lat' dir='ltr'>ejicienda</span> <span class='ocrx_word' id='word_1_60' title='bbox 894 1554 936 1578; x_wconf 87' lang='lat' dir='ltr'>est</span> <span class='ocrx_word' id='word_1_61' title='bbox 957 1548 1076 1589; x_wconf 87' lang='lat' dir='ltr'>stropha</span> <span class='ocrx_word' id='word_1_62' title='bbox 1098 1552 1199 1588; x_wconf 83' lang='lat' dir='ltr'>tertia,</span> <span class='ocrx_word' id='word_1_63' title='bbox 1221 1552 1375 1582; x_wconf 78' lang='lat' dir='ltr'>retinenda</span> <span class='ocrx_word' id='word_1_64' title='bbox 1398 1554 1535 1584; x_wconf 72' lang='lat' dir='ltr'><strong>secunda.</strong></span> 
     </span>
    </p>
   </div>
   <div class='ocr_carea' id='block_1_4' title="bbox 307 1627 1304 1845">
    <p class='ocr_par' dir='ltr' id='par_1_6' title="bbox 307 1627 1304 1845">
     <span class='ocr_line' id='line_1_12' title="bbox 1142 1627 1174 1655; baseline 0.031 -1"><span class='ocrx_word' id='word_1_65' title='bbox 1142 1627 1174 1655; x_wconf 90' lang='lat' dir='ltr'>V.</span> 
     </span>
     <span class='ocr_line' id='line_1_13' title="bbox 307 1677 900 1718; baseline -0.003 -11"><span class='ocrx_word' id='word_1_66' title='bbox 307 1679 343 1707; x_wconf 84' lang='lat' dir='ltr'>Iu</span> <span class='ocrx_word' id='word_1_67' title='bbox 364 1679 494 1718; x_wconf 85' lang='lat' dir='ltr'><strong>ejusdem</strong></span> <span class='ocrx_word' id='word_1_68' title='bbox 517 1677 607 1718; x_wconf 88' lang='lat' dir='ltr'>Epod.</span> <span class='ocrx_word' id='word_1_69' title='bbox 631 1677 649 1706; x_wconf 84' lang='lat'>4</span> <span class='ocrx_word' id='word_1_70' title='bbox 670 1677 752 1718; x_wconf 84' lang='lat' dir='ltr'>quod</span> <span class='ocrx_word' id='word_1_71' title='bbox 774 1677 900 1717; x_wconf 83' lang='lat' dir='ltr'>legitur:</span> 
     </span>
     <span class='ocr_line' id='line_1_14' title="bbox 711 1741 1304 1782; baseline 0.005 -13"><span class='ocrx_word' id='word_1_72' title='bbox 711 1741 792 1781; x_wconf 75' lang='lat' dir='ltr'>Quid</span> <span class='ocrx_word' id='word_1_73' title='bbox 811 1742 920 1769; x_wconf 79' lang='lat' dir='ltr'>attinet</span> <span class='ocrx_word' id='word_1_74' title='bbox 934 1746 976 1769; x_wconf 83' lang='lat' dir='ltr'>tot</span> <span class='ocrx_word' id='word_1_75' title='bbox 999 1752 1050 1770; x_wconf 87' lang='lat' dir='ltr'>ora</span> <span class='ocrx_word' id='word_1_76' title='bbox 1072 1744 1197 1772; x_wconf 77' lang='lat' dir='ltr'>navium</span> <span class='ocrx_word' id='word_1_77' title='bbox 1216 1745 1304 1782; x_wconf 75' lang='lat' dir='ltr'>qravi</span> 
     </span>
     <span class='ocr_line' id='line_1_15' title="bbox 711 1806 1101 1845; baseline 0.003 -11"><span class='ocrx_word' id='word_1_78' title='bbox 711 1806 854 1834; x_wconf 75' lang='lat' dir='ltr'><em>Rostrata</em></span> <span class='ocrx_word' id='word_1_79' title='bbox 871 1806 943 1835; x_wconf 81' lang='lat' dir='ltr'>duci</span> <span class='ocrx_word' id='word_1_80' title='bbox 956 1806 1101 1845; x_wconf 85' lang='lat' dir='ltr'><strong><em>pondere,</em></strong></span> 
     </span>
    </p>
   </div>
   <div class='ocr_carea' id='block_1_5' title="bbox 224 1872 2080 2427">
    <p class='ocr_par' dir='ltr' id='par_1_7' title="bbox 224 1872 2080 2427">
     <span class='ocr_line' id='line_1_16' title="bbox 225 1872 607 1902; baseline 0 -1"><span class='ocrx_word' id='word_1_81' title='bbox 225 1883 287 1901; x_wconf 90' lang='lat' dir='ltr'>non</span> <span class='ocrx_word' id='word_1_82' title='bbox 309 1878 351 1902; x_wconf 90' lang='lat' dir='ltr'>est</span> <span class='ocrx_word' id='word_1_83' title='bbox 371 1872 607 1902; x_wconf 86' lang='lat' dir='ltr'>sollicitandum.</span> 
     </span>
     <span class='ocr_line' id='line_1_17' title="bbox 1131 1947 1179 1976; baseline 0.042 -2"><span class='ocrx_word' id='word_1_84' title='bbox 1131 1947 1179 1976; x_wconf 80' lang='lat' dir='ltr'>VI.</span> 
     </span>
     <span class='ocr_line' id='line_1_18' title="bbox 301 1999 2080 2045; baseline 0.003 -16"><span class='ocrx_word' id='word_1_85' title='bbox 301 2001 338 2029; x_wconf 88' lang='lat' dir='ltr'>In</span> <span class='ocrx_word' id='word_1_86' title='bbox 362 2000 460 2029; x_wconf 75' lang='lat' dir='ltr'>Plauti</span> <span class='ocrx_word' id='word_1_87' title='bbox 483 2000 565 2040; x_wconf 87' lang='lat' dir='ltr'>Capt.</span> <span class='ocrx_word' id='word_1_88' title='bbox 588 2000 633 2028; x_wconf 84' lang='lat'>11:</span> <span class='ocrx_word' id='word_1_89' title='bbox 664 2000 709 2030; x_wconf 93' lang='lat'>11.</span> <span class='ocrx_word' id='word_1_90' title='bbox 739 2000 777 2029; x_wconf 86' lang='lat'>35</span> <span class='ocrx_word' id='word_1_91' title='bbox 808 2010 861 2041; x_wconf 87' lang='lat' dir='ltr'>pro</span> <span class='ocrx_word' id='word_1_92' title='bbox 891 2000 1012 2029; x_wconf 86' lang='lat' dir='ltr'>nomine</span> <span class='ocrx_word' id='word_1_93' title='bbox 1044 1999 1131 2037; x_wconf 83' lang='lat' dir='ltr'>ficto,</span> <span class='ocrx_word' id='word_1_94' title='bbox 1157 1999 1240 2040; x_wconf 87' lang='lat' dir='ltr'>quod</span> <span class='ocrx_word' id='word_1_95' title='bbox 1269 2000 1359 2040; x_wconf 76' lang='lat' dir='ltr'>vulgo</span> <span class='ocrx_word' id='word_1_96' title='bbox 1389 2002 1500 2031; x_wconf 88' lang='lat' dir='ltr'>editum</span> <span class='ocrx_word' id='word_1_97' title='bbox 1529 2008 1571 2032; x_wconf 82' lang='lat' dir='ltr'>est</span> <span class='ocrx_word' id='word_1_98' title='bbox 1605 2004 2080 2045; x_wconf 75' lang='lat' dir='ltr'>leesauroclzrysonicochrysides</span> 
     </span>
     <span class='ocr_line' id='line_1_19' title="bbox 224 2063 1062 2103; baseline 0.001 -12"><span class='ocrx_word' id='word_1_99' title='bbox 224 2063 298 2093; x_wconf 81' lang='lat' dir='ltr'>bene</span> <span class='ocrx_word' id='word_1_100' title='bbox 320 2063 441 2092; x_wconf 78' lang='lat' dir='ltr'>Bothius</span> <span class='ocrx_word' id='word_1_101' title='bbox 464 2063 556 2103; x_wconf 85' lang='lat' dir='ltr'>legit:</span> <span class='ocrx_word' id='word_1_102' title='bbox 584 2063 1062 2102; x_wconf 61' lang='lat' dir='ltr'>Thesaurochrysonicocroesidess.</span> 
     </span>
     <span class='ocr_line' id='line_1_20' title="bbox 492 2139 1186 2170; baseline -0.004 0"><span class='ocrx_word' id='word_1_103' title='bbox 492 2167 495 2170; x_wconf 77' lang='grc'>,</span> <span class='ocrx_word' id='word_1_104' title='bbox 1121 2139 1186 2168; x_wconf 89' lang='lat' dir='ltr'>VII.</span> 
     </span>
     <span class='ocr_line' id='line_1_21' title="bbox 309 2185 2078 2235; baseline 0.005 -15"><span class='ocrx_word' id='word_1_105' title='bbox 309 2193 345 2220; x_wconf 90' lang='lat' dir='ltr'>In</span> <span class='ocrx_word' id='word_1_106' title='bbox 367 2191 497 2220; x_wconf 86' lang='lat' dir='ltr'>Platonis</span> <span class='ocrx_word' id='word_1_107' title='bbox 512 2190 547 2220; x_wconf 87' lang='lat' dir='ltr'>de</span> <span class='ocrx_word' id='word_1_108' title='bbox 563 2191 633 2231; x_wconf 83' lang='lat' dir='ltr'><strong>Rep.</strong></span> <span class='ocrx_word' id='word_1_109' title='bbox 650 2190 673 2225; x_wconf 90' lang='lat'>1,</span> <span class='ocrx_word' id='word_1_110' title='bbox 685 2201 714 2231; x_wconf 90' lang='lat' dir='ltr'>p.</span> <span class='ocrx_word' id='word_1_111' title='bbox 726 2190 794 2219; x_wconf 85' lang='lat'>341.</span> <span class='ocrx_word' id='word_1_112' title='bbox 807 2191 838 2220; x_wconf 90' lang='grc' dir='ltr'>Β.</span> <span class='ocrx_word' id='word_1_113' title='bbox 855 2190 907 2220; x_wconf 88' lang='lat' dir='ltr'>ubi</span> <span class='ocrx_word' id='word_1_114' title='bbox 921 2191 1030 2231; x_wconf 84' lang='lat' dir='ltr'>legitur</span> <span class='ocrx_word' id='word_1_115' title='bbox 1043 2185 1110 2221; x_wconf 67' lang='grc' dir='ltr'>οὔτε</span> <span class='ocrx_word' id='word_1_116' title='bbox 1129 2188 1186 2230; x_wconf 66' lang='grc' dir='ltr'>γάρ</span> <span class='ocrx_word' id='word_1_117' title='bbox 1206 2186 1244 2220; x_wconf 74' lang='grc' dir='ltr'>ἅν</span> <span class='ocrx_word' id='word_1_118' title='bbox 1263 2201 1301 2229; x_wconf 80' lang='grc' dir='ltr'>με</span> <span class='ocrx_word' id='word_1_119' title='bbox 1322 2188 1430 2227; x_wconf 71' lang='grc' dir='ltr'><strong><em>λα’θοις</em></strong></span> <span class='ocrx_word' id='word_1_120' title='bbox 1449 2193 1627 2233; x_wconf 78' lang='grc' dir='ltr'><em>κακουργῶν,</em></span> <span class='ocrx_word' id='word_1_121' title='bbox 1645 2203 1712 2224; x_wconf 79' lang='grc' dir='ltr'><em>ουτε</em></span> <span class='ocrx_word' id='word_1_122' title='bbox 1726 2192 1772 2235; x_wconf 74' lang='grc' dir='ltr'><em>μή</em></span> <span class='ocrx_word' id='word_1_123' title='bbox 1789 2192 1899 2226; x_wconf 69' lang='grc' dir='ltr'><em>λαθὼν</em></span> <span class='ocrx_word' id='word_1_124' title='bbox 1911 2192 2078 2235; x_wconf 74' lang='grc' dir='ltr'><strong><em>βιάσασθαι</em></strong></span> 
     </span>
     <span class='ocr_line' id='line_1_22' title="bbox 224 2250 2048 2297; baseline 0.001 -12"><span class='ocrx_word' id='word_1_125' title='bbox 224 2255 268 2297; x_wconf 74' lang='grc' dir='ltr'>τῷ</span> <span class='ocrx_word' id='word_1_126' title='bbox 288 2250 365 2297; x_wconf 80' lang='grc' dir='ltr'><em>λόγῳ</em></span> <span class='ocrx_word' id='word_1_127' title='bbox 387 2251 491 2285; x_wconf 83' lang='grc' dir='ltr'><strong><em>δυ’ναιο</em></strong></span> <span class='ocrx_word' id='word_1_128' title='bbox 512 2254 725 2284; x_wconf 85' lang='lat' dir='ltr'>stallhaumius</span> <span class='ocrx_word' id='word_1_129' title='bbox 746 2255 823 2285; x_wconf 86' lang='lat' dir='ltr'><strong>male</strong></span> <span class='ocrx_word' id='word_1_130' title='bbox 843 2252 888 2295; x_wconf 75' lang='grc' dir='ltr'><em>μή</em></span> <span class='ocrx_word' id='word_1_131' title='bbox 909 2256 994 2285; x_wconf 83' lang='lat' dir='ltr'>delet.</span> <span class='ocrx_word' id='word_1_132' title='bbox 2044 2250 2048 2253; x_wconf 76' lang='lat'>.</span> 
     </span>
     <span class='ocr_line' id='line_1_23' title="bbox 1110 2332 1194 2361; baseline 0.024 -2"><span class='ocrx_word' id='word_1_133' title='bbox 1110 2332 1194 2361; x_wconf 87' lang='lat' dir='ltr'>VIII.</span> 
     </span>
     <span class='ocr_line' id='line_1_24' title="bbox 304 2376 2076 2427; baseline 0.003 -17"><span class='ocrx_word' id='word_1_134' title='bbox 304 2382 382 2411; x_wconf 88' lang='lat' dir='ltr'>Ibid.</span> <span class='ocrx_word' id='word_1_135' title='bbox 404 2393 434 2421; x_wconf 90' lang='lat' dir='ltr'>p.</span> <span class='ocrx_word' id='word_1_136' title='bbox 456 2381 524 2411; x_wconf 82' lang='lat'>343.</span> <span class='ocrx_word' id='word_1_137' title='bbox 547 2382 578 2412; x_wconf 88' lang='lat' dir='ltr'>C.</span> <span class='ocrx_word' id='word_1_138' title='bbox 599 2376 752 2421; x_wconf 73' lang='grc' dir='ltr'><em>ἀλλότριον</em></span> <span class='ocrx_word' id='word_1_139' title='bbox 772 2379 891 2421; x_wconf 60' lang='lat' dir='ltr'>dra-262·</span> <span class='ocrx_word' id='word_1_140' title='bbox 912 2382 988 2411; x_wconf 85' lang='lat' dir='ltr'><strong>male</strong></span> <span class='ocrx_word' id='word_1_141' title='bbox 1009 2383 1138 2423; x_wconf 84' lang='lat' dir='ltr'>explicat</span> <span class='ocrx_word' id='word_1_142' title='bbox 1160 2383 1238 2414; x_wconf 87' lang='lat' dir='ltr'>idem</span> <span class='ocrx_word' id='word_1_143' title='bbox 1260 2384 1391 2412; x_wconf 73' lang='lat' dir='ltr'>alienum</span> <span class='ocrx_word' id='word_1_144' title='bbox 1404 2383 1512 2413; x_wconf 81' lang='lat' dir='ltr'><em>bonum</em></span> <span class='ocrx_word' id='word_1_145' title='bbox 1534 2385 1552 2413; x_wconf 85' lang='lat' dir='ltr'>i.</span> <span class='ocrx_word' id='word_1_146' title='bbox 1565 2396 1588 2415; x_wconf 85' lang='lat' dir='ltr'>e.</span> <span class='ocrx_word' id='word_1_147' title='bbox 1605 2395 1661 2423; x_wconf 77' lang='lat' dir='ltr'>per</span> <span class='ocrx_word' id='word_1_148' title='bbox 1678 2385 1755 2414; x_wconf 77' lang='lat' dir='ltr'>alios</span> <span class='ocrx_word' id='word_1_149' title='bbox 1772 2387 1960 2426; x_wconf 83' lang='lat' dir='ltr'>acquisitum,</span> <span class='ocrx_word' id='word_1_150' title='bbox 1983 2398 2076 2427; x_wconf 88' lang='lat' dir='ltr'>quum</span> 
     </span>
    </p>
   </div>
   <div class='ocr_carea' id='block_1_6' title="bbox 226 2445 1115 2486">
    <p class='ocr_par' dir='ltr' id='par_1_8' title="bbox 226 2445 1115 2486">
     <span class='ocr_line' id='line_1_25' title="bbox 226 2445 1115 2486; baseline 0 -10"><span class='ocrx_word' id='word_1_151' title='bbox 226 2445 374 2486; x_wconf 81' lang='lat' dir='ltr'>significet</span> <span class='ocrx_word' id='word_1_152' title='bbox 396 2446 474 2484; x_wconf 82' lang='lat' dir='ltr'><strong><em>quod</em></strong></span> <span class='ocrx_word' id='word_1_153' title='bbox 492 2445 565 2474; x_wconf 73' lang='lat' dir='ltr'>aliie</span> <span class='ocrx_word' id='word_1_154' title='bbox 582 2446 689 2475; x_wconf 79' lang='lat' dir='ltr'><em>bonum</em></span> <span class='ocrx_word' id='word_1_155' title='bbox 702 2447 757 2481; x_wconf 69' lang='lat' dir='ltr'>sie,</span> <span class='ocrx_word' id='word_1_156' title='bbox 774 2446 903 2475; x_wconf 79' lang='lat' dir='ltr'>aliorum</span> <span class='ocrx_word' id='word_1_157' title='bbox 925 2447 1115 2477; x_wconf 77' lang='lat' dir='ltr'><strong><em>commodum.</em></strong></span> 
     </span>
    </p>
   </div>
  </div>
 </body>
</html>
