2415 2922
328 318 418 339 meae
439 313 501 339 tres
518 307 586 339 dies
605 308 742 340 remansi
756 319 828 340 cum
846 308 938 341 sociis
955 309 1044 341 meis.
1071 311 1107 341 Et
1125 321 1186 354 ego
1207 310 1271 342 his:
1285 311 1397 342 Narret
1412 307 1506 350 mihi,
1527 310 1672 352 inquam,
1685 310 1822 353 quisque
1837 317 1986 348 vestrum,
2004 322 2163 354 quaenam

328 386 376 405 res
397 373 538 406 maxime
559 386 592 407 se
612 374 785 407 sollicitum
807 375 931 407 reddat.
960 376 1054 416 Quod
1071 387 1171 419 quum
1186 377 1344 415 iecissent,
1361 377 1525 409 neminem
1541 376 1623 409 inter
1639 387 1692 409 eos
1709 387 1774 409 esse
1791 377 1952 420 apparuit,
1971 377 2053 420 quin
2071 378 2165 410 vellet

327 441 387 473 hac
411 453 465 473 sua
487 441 704 474 sollicitudine
731 442 871 475 liberari.
921 444 1000 475 Tum
1020 454 1095 476 vero
1113 455 1166 476 eos
1189 444 1250 476 sibi
1272 443 1404 477 dixisse:
1427 444 1617 477 Sollicitudo
1640 451 1712 485 tua,
1735 444 2162 484 Abu-:Abdi-r-Rahmane‚

325 519 485 550 quaenam
508 508 577 540 est?
623 509 788 552 Respondi
811 520 862 541 mc
886 509 1059 542 sollicitum
1083 510 1218 543 reddere
1231 510 1320 553 quod
1337 510 1461 543 nemini
1475 511 1785 544 commiserationem
1811 516 1954 544 moveret
1969 510 2017 543 vir
2034 511 2088 544 ille
2107 511 2163 554 qni

325 582 508 617 portaturus
535 582 615 607 esset
644 575 762 607 victum
790 587 898 608 meum
929 587 1030 619 quum
1057 576 1110 608 nix
1136 583 1202 608 tam
1230 578 1294 610 alte
1311 578 1444 621 jaceret.
1494 579 1583 618 Quae
1602 577 1681 610 dum
1705 577 1853 610 dicebam
1874 577 2048 610 advenerat
2067 577 2165 610 homo

324 642 493 685 panarium
524 649 670 686 gestans,
703 642 841 675 vestibus
871 643 939 676 luto
971 643 1108 676 sordidis
1130 644 1218 687 (nam
1239 645 1344 688 lapsus
1372 645 1468 687 erat),
1504 644 1654 688 mihique
1686 644 1782 677 dixit:
1809 646 1893 688 Cape
1920 645 2008 676 hunc
2034 655 2161 687 panem,

324 710 760 746 Aba-Abdi-r-Rahmaneu
779 730 813 733 —
837 710 923 742 Dixit
942 711 1064 747 nafim:
1087 711 1174 744 Foris
1195 712 1355 755 profectus
1376 724 1446 744 sum
1470 724 1542 745 cum
1569 712 1685 745 viatico
1715 713 1813 755 idque
1841 711 1875 743 in
1902 711 2011 744 medio
2040 711 2165 743 deserto

324 778 435 821 periit,
457 778 565 820 itaque
589 777 674 810 idem
699 777 745 809 fui
769 777 844 810 foris
871 778 1025 820 domique
1039 779 1063 809 ².
1082 798 1120 801 —
1137 779 1280 822 Roganti
1303 779 1448 812 cuidam:
1468 780 1559 813 Unde
1580 780 1698 812 victum
1724 786 1816 811 tuum
1842 778 1953 822 capis?
1975 778 2072 810 dixit:
2100 779 2164 811 Deo

323 853 397 878 sunt
421 857 515 890 gazae
540 846 618 879 coeli
640 852 672 878 et
693 852 813 886 terrae,
838 846 894 878 sed
921 845 1111 889 hypocritae
1133 845 1214 877 illud
1236 846 1388 890 ignorant
1399 847 1423 879 3.
1449 866 1489 872 -
1511 846 1613 878 Dixit:
1637 848 1782 887 Quatuor
1806 845 1887 877 mihi
1909 852 1983 878 sunt
2005 856 2118 877 uxores
2133 850 2164 876 et

324 924 436 945 novem
464 913 542 953 filii,
569 913 624 946 sed
648 913 773 945 nullum
801 919 847 945 est
868 914 1003 944 Satanae
1022 912 1217 944 desiderium
1242 913 1276 945 in
1298 914 1449 957 quapiam
1476 926 1525 955 re,
1550 925 1633 956 quae
1657 914 1699 945 ad
1720 913 1819 945 vitam
1846 913 1883 945 iis
1909 912 2084 945 necessaria
2106 911 2163 951 sit,

322 992 372 1013 me
394 981 583 1013 stimulandi
612 982 661 1024 (ut
676 982 798 1014 scilicet
815 980 984 1012 inhoneste
1006 979 1087 1011 mihi
1110 990 1180 1011 cam
1204 981 1414 1023 comparem).
1428 1000 1469 1005 —
1488 980 1633 1012 Narravit
1652 981 1749 1013 etiam
1767 981 1843 1012 hoc:
1863 981 1970 1021 Quum
1988 979 2164 1022 aliquando

321 1047 428 1079 Tureis
451 1047 578 1080 obviam
599 1047 675 1079 sacti
699 1058 839 1080 essemus
859 1053 891 1079 et
906 1046 1046 1080 incursio
1069 1046 1153 1078 inter
1174 1057 1230 1079 nos
1255 1046 1358 1087 fieret,
1383 1047 1502 1090 dejecit
1521 1059 1572 1080 me
1585 1049 1686 1080 Turca
1705 1048 1837 1090 quidam
1854 1048 1968 1091 laqueo
1985 1058 2102 1089 meque
2125 1046 2165 1078 de

320 1125 403 1156 equo
433 1113 635 1154 deturbavit,
672 1120 703 1146 et
737 1114 777 1146 de
807 1114 957 1157 jumento
986 1124 1043 1146 suo
1079 1114 1277 1146 descendens
1315 1114 1348 1146 in
1387 1126 1562 1158 meumque
1588 1122 1699 1158 pectus
1727 1115 1896 1148 considens
1922 1114 2055 1146 barbam
2081 1114 2165 1145 hanc

321 1181 509 1224 promissam
533 1181 670 1224 arripuit
695 1181 900 1224 cultrumque
927 1192 964 1212 ex
984 1191 1075 1212 ocrea
1098 1180 1228 1221 eduxit,
1255 1192 1320 1223 quo
1342 1192 1395 1214 me
1422 1189 1587 1214 mactaret.
1638 1183 1717 1224 Sed,
1751 1194 1808 1226 per
1835 1182 2006 1214 Dominum
2036 1184 2162 1213 meum!

322 1259 384 1279 non
407 1254 475 1280 erat
497 1248 623 1279 animus
645 1259 733 1280 meus
750 1259 848 1291 penes
868 1258 942 1279 cum
960 1247 1139 1279 cultrumve
1155 1249 1234 1291 ejus,
1251 1248 1307 1280 sed
1327 1255 1393 1281 erat
1408 1255 1534 1281 tantum
1552 1260 1650 1292 penes
1662 1249 1837 1282 Dominum
1857 1260 1976 1289 meum,
1995 1254 2165 1291 expectans

321 1316 401 1358 quid
421 1328 528 1348 secum
556 1316 624 1359 ejus
646 1316 812 1348 decretum
838 1315 977 1347 afferret.
1032 1316 1072 1347 Et
1101 1314 1187 1347 dixi:
1222 1315 1378 1357 Domine,
1401 1316 1426 1348 si
1454 1316 1622 1349 decrevisti
1649 1317 1689 1348 de
1718 1327 1769 1348 me
1805 1322 1839 1347 nt
1869 1315 1923 1347 hic
1951 1326 2002 1347 me
2035 1321 2163 1354 mactet,

321 1383 541 1416 obedientiam
562 1390 704 1427 praesto:
723 1391 795 1416 tuns
813 1383 901 1415 enim
922 1395 992 1416 suin
1009 1389 1040 1415 et
1052 1382 1206 1427 possessio
1218 1389 1283 1415 tua.
1306 1385 1479 1425 Quumque
1491 1394 1552 1427 ego
1565 1383 1607 1415 ita
1621 1383 1850 1426 compellarem
1863 1383 2037 1416 Dominum
2057 1394 2164 1415 meum

321 1457 350 1482 et
371 1452 471 1482 Turca
499 1450 532 1482 in
562 1457 691 1494 pectore
719 1461 791 1483 meo
806 1451 932 1482 sederet
952 1461 1123 1493 meamque
1146 1449 1280 1482 barbam
1307 1451 1501 1494 prehensam
1536 1458 1671 1491 teneret,
1703 1451 1866 1484 Moslimus
1890 1451 2024 1494 quidam
2050 1450 2164 1494 sagitta

322 1524 434 1561 guttur
459 1518 528 1561 ejus
543 1517 648 1555 feriit,
672 1518 752 1550 adeo
771 1524 806 1549 ut
828 1517 868 1550 de
888 1528 938 1549 me
954 1517 1101 1561 delapsus
1118 1518 1158 1550 sit
1168 1502 1181 1559 3¹
1200 1525 1232 1551 et
1251 1530 1313 1562 ego
1331 1530 1406 1551 eum
1431 1530 1598 1562 aggressus
1618 1520 1720 1552 cultro
1738 1520 1848 1551 manui
1872 1525 1982 1562 erepto
2003 1518 2163 1562 jugulavi.

322 1586 411 1616 Hanc
428 1584 470 1617 ob
487 1595 614 1616 causam
629 1584 729 1616 animi
743 1583 835 1615 vestri
855 1595 952 1628 penes
968 1584 1143 1616 Dominum
1164 1591 1303 1617 vestrum
1320 1585 1397 1623 sint,
1417 1592 1453 1617 ut
1464 1586 1599 1618 videatis
1617 1587 1657 1619 de
1673 1586 1837 1618 miraculis
1855 1585 1972 1618 favoris
1996 1586 2063 1628 ejus
2078 1585 2166 1628 quod

325 1663 388 1684 nou
412 1651 526 1683 videtis
548 1652 634 1694 apud
653 1657 758 1694 patres
775 1662 880 1693 neque
898 1658 1016 1683 matres
1031 1658 1158 1684 vestraS.
1178 1672 1220 1677 -—
1239 1653 1326 1685 Dixit
1341 1654 1510 1686 Aba-Bam·
1530 1654 1725 1697 ⁴al-Warrziq
1741 1655 1768 1686 4:
1786 1654 1894 1691 Ha't‘im
1915 1654 2105 1697 ·al-Acamm
2121 1659 2167 1685 est

323 1721 463 1761 Loqman
488 1719 585 1763 hujus
600 1720 723 1763 populi.
744 1739 786 1742 —
811 1721 961 1751 Narratur
985 1719 1102 1751 mulier
1124 1719 1164 1751 ad
1190 1720 1349 1755 Ha't'imum
1371 1721 1504 1762 venisse,
1529 1733 1668 1764 eumque
1692 1721 1817 1763 aliquid
1841 1732 1978 1764 rogasse,
2002 1727 2031 1751 et
2054 1720 2164 1752 eodem

325 1787 476 1829 temporis
496 1793 615 1829 puncto
641 1787 811 1826 accidisse,
837 1793 872 1818 ut
894 1786 1052 1830 crepitum
1081 1786 1199 1818 ventris
1225 1787 1399 1820 emitteret.
1456 1790 1526 1829 Quo
1551 1799 1652 1830 quum
1683 1787 1806 1831 pudore
1831 1787 2013 1820 afficeretur
2037 1787 2166 1828 mulier,

324 1853 408 1885 dixit
430 1853 554 1890 Hatim:
582 1853 670 1886 Tolle
695 1864 803 1886 vocem
828 1853 934 1885 tuam!
959 1864 1057 1896 seque
1080 1861 1194 1897 sponte
1218 1855 1351 1887 surdum
1373 1855 1547 1887 simulavit.
1583 1858 1649 1888 Hoc
1674 1856 1760 1888 dicto
1783 1855 1928 1899 gaudens
1953 1854 2069 1887 mulier
2092 1866 2166 1887 eum

324 1931 389 1953 non
413 1921 569 1954 audivisse
593 1921 752 1964 crepitum
771 1921 864 1953 dixit.
904 1921 987 1953 Hinc
1007 1921 1143 1954 invaluit
1164 1923 1204 1955 de
1225 1934 1262 1956 eo
1276 1934 1394 1956 nomen
1407 1922 1582 1955 surditatis.
1596 1922 1747 1956 —Venit
1768 1922 1809 1954 ad
1830 1933 1905 1954 eurn
1927 1923 1984 1962 vir,
2008 1922 2165 1964 dixitque,

324 1990 507 2029 Quaenam,
532 1987 944 2028 Abu-'Abdi-r-Rahmane,
975 1999 1024 2020 res
1042 1996 1139 2032 caput
1158 1997 1204 2021 est
1226 1989 1405 2023 devotionis
1427 1990 1560 2033 ejusque
1584 1989 1729 2022 medium
1751 1996 1784 2022 et
1806 1989 1981 2022 ultimum?
2013 1990 2070 2022 Cui
2093 1990 2163 2021 hic:

325 2057 443 2099 Caput,
472 2055 595 2098 inquit,
619 2055 797 2088 devotionis
819 2061 866 2087 est
889 2054 1009 2087 fidncia
1033 2055 1067 2087 in
1089 2057 1165 2099 Deo,
1190 2065 1222 2090 et
1245 2058 1391 2090 medium
1411 2058 1479 2101 ejus
1505 2056 1659 2101 patientia
1690 2063 1722 2088 et
1745 2056 1895 2089 ultimum
1918 2056 2068 2088 sanctitas
2084 2058 2106 2086 5.

324 2127 508 2159 Misereatnr
524 2126 592 2169 ejus
615 2128 708 2167 Deus,
733 2126 789 2169 qui
812 2126 989 2159 exaltetur!

403 2231 413 2250 1
435 2229 499 2269 Ipse
517 2228 593 2258 alius
612 2228 726 2257 malum
744 2239 796 2257 suo
810 2235 1022 2269 anteposuerat,
1040 2240 1103 2259 non
1122 2241 1150 2258 se
1166 2230 1273 2258 esurire
1291 2228 1403 2266 dicens,
1420 2229 1468 2258 sed
1485 2228 1540 2258 sibi
1559 2230 1841 2258 commiserationem
1853 2239 1965 2257 movere
1980 2229 2002 2256 si
2014 2228 2081 2267 quis
2096 2227 2167 2256 sorte

325 2291 424 2321 cibum
439 2292 581 2320 allaturus
594 2297 677 2320 esset:
693 2291 775 2331 quod
789 2292 812 2320 si
823 2292 911 2321 etiam
926 2293 996 2321 socii
1012 2293 1057 2322 illi
1072 2293 1214 2327 fecissent,
1230 2292 1330 2321 codem
1343 2292 1430 2321 modo
1448 2292 1650 2321 sollicitudine
1665 2303 1716 2321 sua
1731 2293 1790 2320 cito
1804 2291 1926 2319 fuissent
1940 2289 2064 2319 liberati.

401 2361 414 2382 ²
435 2360 508 2389 Nam
529 2360 609 2389 domi
632 2360 721 2389 etiam
746 2359 826 2388 unde
847 2361 953 2389 viveret
975 2371 1037 2389 non
1059 2359 1193 2390 habebat.
1417 2360 1430 2381 3
1452 2359 1544 2389 Verba
1563 2365 1632 2388 sunt
1652 2360 1719 2395 Qor.
1738 2359 1797 2387 sar.
1814 2358 1906 2387 LXIII
1920 2358 1956 2386 :7.

405 2425 417 2446 4
438 2424 565 2453 Fortasse
587 2424 666 2453 idem
686 2430 739 2459 est,
764 2430 850 2464 atque
872 2424 923 2453 ille
944 2435 1032 2465 quem
1055 2430 1196 2454 memorat
1218 2423 1300 2452 Herb.
1323 2434 1344 2452 s.
1366 2434 1392 2451 v.
1417 2423 1542 2451 Vari-ak.

402 2490 414 2509 5
435 2488 499 2517 vid.
522 2488 659 2518 vocabuli
679 2489 907 2529 explicationem
929 2500 965 2518 ex
989 2484 1118 2529 Tasrffizt·
1137 2502 1184 2530 ap.
1202 2490 1326 2529 Freytag
1344 2489 1376 2517 in
1400 2488 1469 2516 Lex.

2227 1676 2252 1693 17:
2267 1690 2270 1693 ,
