2415 2922
1132 191 1307 220 ..14-

301 303 517 347 conspiciebat
533 301 640 334 oculos
658 299 690 331 in
707 309 782 331 eum
799 296 920 329 defixos
936 293 1066 327 tenebat
1081 292 1184 324 donec
1197 302 1214 324 e.
1227 290 1318 323 vultu
1334 301 1390 322 suo
1406 289 1599 328 evanuisset,
1609 295 1641 321 et
1654 288 1680 320 si
1698 288 1731 320 in
1744 288 1888 320 conclavi
1900 299 1957 322 suo
1971 286 2140 320 mendicus

302 371 422 406 stabat.
454 368 641 400 traditiones
668 365 782 398 docere
809 375 874 396 non
905 362 1063 406 pergebat
1094 360 1197 393 donec
1232 358 1261 390 ei
1290 357 1416 400 aliquid
1445 363 1525 389 esset
1555 356 1679 388 datum.
1707 375 1746 378 —
1773 355 1887 387 Dicere
1916 354 2056 387 solebat:
2081 355 2141 386 Per

303 440 425 477 Deum,
451 435 566 468 melius
590 445 652 477 ego
677 445 746 465 suni
772 431 940 464 inoslimus
969 429 1002 461 in
1023 427 1111 472 poesi
1139 436 1237 469 quam
1266 424 1299 456 in
1327 423 1516 456 traditione:
1542 423 1567 454 si
1593 422 1681 455 enim
1706 423 1809 454 Deum
1839 420 1934 453 unice
1958 420 2140 460 voluissem,

304 504 446 548 profecto
468 502 509 534 ad
535 512 587 533 vos
607 511 671 532 non
695 498 863 537 wilisseiu,
888 503 918 529 et
941 496 966 527 si
989 506 1042 528 vos
1063 494 1157 527 unice
1173 494 1276 525 Deum
1299 490 1487 530 voluissetis⁷
1505 500 1571 522 non
1588 488 1752 522 venissetis
1773 487 1815 520 ad
1831 499 1893 520 me.
1926 487 1989 519 Sed
2010 487 2141 520 laudem

306 571 491 614 diligimus,
528 567 864 611 vituperationemque
886 563 1030 607 sugimus
1055 561 1219 605 (zideoque
1245 570 1302 592 nos
1327 558 1464 591 invicem
1501 557 1667 601 petimus).
1706 577 1741 581 —
1779 555 1864 588 Mulo
1894 560 2002 588 vectus
2041 565 2142 597 quum

305 638 479 681 aliquando
504 637 616 669 obrius
643 636 745 667 factus
773 639 853 667 esset
879 631 1062 664 Selaimano
1090 627 1347 670 ·ibno-l-Mogira
1375 626 1398 664 ¹,
1429 631 1461 658 et
1488 624 1543 657 hic
1571 625 1612 657 de
1636 629 1827 667 paupertate
1847 629 1879 655 et
1902 627 2044 666 egestate
2071 633 2144 653 cum

305 717 342 738 eo
368 711 572 748 quereretur:
598 705 658 734 Per
679 703 800 741 Deum,
825 698 932 742 iuquit
952 690 1049 737 Soba,
1074 695 1159 728 nihil
1174 694 1320 738 possideo
1339 700 1465 738 praeter
1489 693 1579 725 hunc
1599 692 1744 733 mulum3
1769 697 1803 724 et
1827 691 1868 723 de
1892 701 1930 723 eo
1950 689 2146 722 descendens

306 774 382 805 huie
408 771 552 804 tradidit.
572 769 729 803 Vendidit
753 779 827 801 eum
853 766 992 799 sedecim
1011 762 1187 796 drachmis,
1202 783 1239 786 —
1259 764 1401 794 Mortuus
1427 767 1474 794 est
1496 762 1614 805 Bacrae
1637 770 1722 792 anno
1742 761 1803 793 160
1821 760 1864 802 (p.
1895 760 1929 791 C.
1952 758 2119 800 776—77)
2134 758 2147 778 ²

308 845 346 873 75
370 851 468 873 annos
493 846 597 871 natus.
643 837 830 869 Misereatur
857 835 926 878 ejus
949 834 1047 872 Deus,
1073 830 1129 873 qui
1156 829 1331 862 exaltetur!

224 987 292 1017 vn,
395 974 573 1016 Abu-caim
604 963 705 1004 30:³51>
738 968 913 1005 ibn-uari>
939 965 1141 1009 -al-Maaaym
1171 964 1194 994 ³.

394 1044 468 1074 Erat
490 1041 544 1073 liic
565 1052 603 1072 ex
626 1038 738 1071 ineolis
755 1033 913 1070 Corasani.
938 1033 1069 1067 Audivit
1093 1023 1224 1072 Smbam,
1249 1029 1413 1072 Soszinum
1436 1019 1654 1068 &Taum-um,
1682 1027 1852 1061 Zohairum
1879 1024 2111 1068 ·ibn-Mo=awija
2125 1025 2150 1065 ¹³,

307 1110 394 1142 alios·
431 1108 627 1140 Retulerunt
657 1106 727 1149 ejus
762 1102 953 1136 auctoritate
984 1103 1070 1137 Mus}
1101 1097 1299 1131 itm-Davvnd
1333 1091 1493 1139 ·ag}-(}abbi
1514 1097 1543 1136 ⁵,
1579 1095 1670 1138 Jahjfi
1707 1094 1886 1138 ·ihn-Aijfib
1923 1085 2151 1136 ·al-Moq5blri,

307 1176 434 1210 Ahmad
455 1173 681 1213 ·ibn-Hanbal‚
706 1171 772 1203 alii.
805 1172 881 1202 Erat
907 1180 992 1201 unus
1020 1178 1130 1200 eorum
1144 1191 1152 1207 ‚
1175 1176 1314 1208 quorum
1339 1163 1514 1196 memoriae
1534 1162 1671 1195 traditae
1692 1169 1768 1194 sunt
1789 1161 1891 1206 pietas
1914 1168 1946 1194 et
1971 1160 2150 1204 integritas,

303 1242 509 1287 jubendiquc
530 1241 598 1284 ejus
624 1239 714 1282 quod
734 1237 882 1275 licitum,
907 1235 1036 1268 vetandi
1061 1234 1150 1277 quod
1183 1232 1335 1265 illicitum
1360 1237 1407 1264 est
1436 1237 1587 1274 potestas.
1619 1249 1662 1255 —
1694 1231 1805 1261 Narrat
1829 1221 1932 1262 So=aih
1961 1227 2150 1261 ·ibn-Harb:

310 1314 416 1352 Quum
439 1319 538 1342 essem
561 1308 594 1339 in
616 1307 678 1345 via,
702 1317 784 1348 quae
807 1306 946 1337 Meccam
969 1302 1070 1342 ducit,
1098 1303 1258 1333 Harunum
1281 1299 1492 1332 ·ar-Ra:eidum
1516 1298 1583 1330 vidi
1602 1304 1634 1330 et
1658 1308 1786 1329 mecum
1813 1296 1973 1341 cogitavi:
1998 1295 2153 1328 Officium
2217 1311 2263 1331 131,

312 1387 403 1411 tuum
428 1383 474 1409 est
493 1383 529 1408 ut
550 1375 666 1418 jubeas
684 1379 715 1406 et
738 1379 840 1405 vetes:
865 1370 921 1403 sed
947 1369 1074 1401 animus
1099 1368 1198 1400 dixit:
1227 1370 1273 1400 Ne
1291 1367 1400 1408 facias,
1426 1373 1472 1398 est
1495 1366 1583 1398 enim
1610 1365 1659 1396 vir
1692 1371 1825 1408 potens,
1861 1364 1917 1407 qui
1958 1363 2090 1406 quando
2125 1362 2155 1394 ei

309 1445 439 1487 jusseris
462 1441 588 1484 aliquid
609 1440 726 1473 collum
753 1438 813 1470 tibi
838 1442 996 1480 amputet.
1030 1438 1099 1478 Ego
1119 1446 1208 1475 vero,
1236 1445 1300 1466 non
1326 1444 1454 1477 possum
1469 1458 1477 1474 ,
1503 1433 1637 1476 inquam
1652 1457 1660 1473 ,
1684 1432 1764 1475 quin
1793 1433 1856 1465 hoc
1879 1431 2006 1465 faciam.
2050 1433 2158 1472 Quum

313 1513 413 1556 igitur
426 1509 557 1554 propius
574 1507 752 1540 accessisset
765 1504 911 1537 clamavi:
929 1505 1070 1543 Barsine,
1088 1500 1275 1545 defatigasti
1294 1500 1401 1544 copias
1418 1501 1622 1543 etjumenta.
1649 1501 1738 1532 Tunc
1752 1499 1823 1532 ille:
1845 1498 2041 1531 Prehendite
2057 1498 2157 1538 hunc,

315 1579 431 1621 inquit.
464 1575 588 1608 Deinde
611 1575 652 1605 ad
668 1573 759 1605 illum
781 1572 905 1603 delatus
923 1581 1005 1602 sum.
1027 1569 1167 1602 Sedebat
1184 1568 1217 1600 in
1234 1567 1309 1599 sella
1330 1578 1495 1609 manuque
1511 1567 1631 1598 clavam
1649 1573 1761 1598 tenens
1783 1565 1936 1598 ferratam
1960 1577 1994 1597 ea
2012 1565 2158 1606 ludebat,

315 1653 361 1685 et,
383 1647 468 1677 Heus
491 1650 538 1681 tu,
564 1641 680 1684 inquit,
706 1640 794 1671 unde
819 1637 874 1671 es?
918 1640 962 1669 Ex
988 1636 1118 1680 ignotis,
1144 1636 1291 1679 inquam,
1316 1633 1513 1666 hominibus.
1554 1632 1675 1665 Unde?
1697 1632 1815 1676 inquit,
1840 1633 1971 1665 orbetur
1998 1639 2027 1665 te
2059 1639 2159 1665 mater

317 1717 387 1745 tua!
408 1714 452 1744 Ex
474 1709 664 1754 peregrinis,
692 1707 836 1749 inquam.
867 1704 971 1745 Quid,
990 1704 1114 1747 inquit,
1134 1710 1166 1736 te
1184 1702 1326 1746 impulit,
1343 1709 1379 1734 ut
1402 1702 1534 1735 nomine
1555 1713 1626 1734 meo
1650 1713 1703 1733 me
1724 1699 1960 1744 compellares?
1992 1702 2080 1732 Tunc
2100 1699 2160 1732 sibi

318 1782 351 1813 in
374 1785 516 1812 mentem
540 1776 662 1808 venisse
684 1780 793 1806 narrat
812 1773 903 1815 quod
918 1782 1097 1814 numquam
1114 1770 1261 1802 animum
1277 1770 1436 1810 subiisset,
1454 1781 1552 1812 seque
1570 1768 1704 1802 dixisse:
1725 1770 1827 1802 Deum
1846 1768 2005 1811 compello
2031 1767 2163 1800 nomine

320 1859 376 1880 suo
392 1846 547 1879 dicendo:
565 1846 648 1877 Deus
661 1869 668 1883 ‚
691 1841 885 1875 Misericors:
908 1847 939 1872 te
953 1851 1018 1872 non
1034 1838 1227 1882 compellem
1239 1838 1371 1871 nomine
1383 1837 1464 1870 tuo?
1482 1848 1538 1869 cur
1557 1837 1620 1869 hoc
1636 1836 1743 1869 vetas?
1771 1837 1917 1879 Namque
1936 1835 2044 1868 vidisti
2061 1837 2162 1868 Deum

320 1914 478 1948 excelsum
500 1913 534 1944 in
556 1912 638 1944 libro
663 1921 720 1942 suo
746 1909 886 1941 maxime
908 1914 1075 1951 acceptum
1103 1906 1165 1939 sibi
1192 1906 1364 1939 hominum
1391 1904 1573 1937 nominasse
1596 1903 1847 1938 Mohammadem
1871 1909 1905 1935 et
1922 1901 2164 1946 cognominasse

324 1981 462 2014 maxime
482 1979 543 2012 sibi
569 1978 709 2010 invisum
740 1976 911 2009 hominum
940 1974 1202 2007 ‘Abu-Lahabwn.
1250 1976 1336 2006 Haec
1362 1972 1418 2005 ubi
1451 1972 1518 2004 dixi
1555 1974 1663 2004 Harfln
1695 1970 1824 2004 liberari
1848 1982 1902 2003 me
1927 1969 2038 2013 jussit:
2069 1976 2102 2001 et
2121 1969 2164 2001 ita

275 2089 288 2102 ·
325 2051 445 2083 factum
465 2055 522 2081 est.
534 2066 579 2072 —
592 2047 702 2078 Dicere
716 2045 857 2078 solebat:
877 2044 939 2086 Qui
952 2043 1043 2087 cupit
1057 2054 1106 2076 res
1123 2044 1304 2075 mundanas
1320 2042 1346 2074 is
1362 2054 1395 2074 se
1410 2047 1579 2084 componat
1590 2041 1631 2072 ad
1649 2040 1843 2083 obsequium
1856 2050 1931 2083 erga
1947 2038 2106 2071 homines.
2124 2056 2166 2062 -——

412 2197 419 2214 '¹
449 2193 514 2221 Tab.
533 2190 702 2228 'al-Hoffat',
725 2189 766 2217 Cl.
789 2190 820 2223 Υ,
846 2189 891 2217 ΝΟ.
915 2189 961 2217 48.

411 2264 422 2281 2
446 2260 531 2299 Apud
551 2253 662 2286 'Ilm-C.
685 2258 746 2285 1.1.
769 2267 865 2285 mense
894 2255 1006 2293 nagal),
1027 2255 1106 2296 apud
1132 2256 1215 2286 Naw.
1242 2258 1328 2286 initio
1362 2258 1492 2297 ejusdem
1517 2257 1607 2293 anni,
1645 2266 1709 2284 non
1743 2264 1823 2283 anno
1849 2253 1996 2293 sequenti,
2028 2252 2057 2281 id
2088 2251 2167 2291 quod

333 2329 408 2357 mate
426 2338 461 2356 ex
484 2338 517 2355 eo
539 2326 623 2355 refert
643 2326 724 2354 Ham.
753 2326 838 2364 Waq.
858 2337 886 2365 p.
910 2326 975 2354 181.

414 2396 426 2416 3
449 2394 513 2422 vid.
535 2394 569 2422 de
588 2394 680 2426 Slane,
706 2404 774 2421 vers.
795 2393 884 2432 Angl.
903 2393 933 2425 Ι,
952 2405 980 2433 p.
1005 2393 1071 2423 578.
1097 2394 1143 2422 N0.
1163 2393 1197 2427 3,
1218 2392 1269 2422 ubi
1287 2398 1385 2421 tamen
1407 2397 1540 2420 mortuus
1561 2400 1620 2420 esse
1641 2390 1751 2419 dicitur
1772 2387 1921 2426 Madayni.

416 2463 427 2483 ἐ
454 2461 520 2489 Tab.
544 2461 713 2497 *til-[Iqffat‚
735 2460 778 2488 Cl.
798 2460 830 2495 Υ,
852 2460 899 2488 N0.
912 2459 959 2488 60.
1227 2462 1240 2482 5
1262 2461 1339 2490 Ibid.
1355 2460 1479 2493 CLVII,
1498 2459 1543 2487 N0.
1557 2458 1606 2487 61.
