2415 2922
245 1109 295 1139 vt.

1154 191 1324 221 -12.-

320 291 382 323 cibi
400 291 548 335 capiebat
572 291 734 324 etdeinde
755 291 933 336 equitabat.
989 291 1176 324 mirantibus
1198 304 1292 325 mane
1315 291 1423 324 cibuni
1444 302 1517 324 eum
1539 294 1696 336 capcrel:
1731 293 1881 333 Maxime,
1907 294 2034 337 iuquit⁷
2061 293 2154 326 famis

320 358 557 390 xeliemcntiam
571 370 608 391 eo
619 358 790 402 exstinguo
811 369 1011 402 pravumque
1034 358 1098 390 oris
1116 358 1249 391 odorem
1265 358 1392 402 depello
1414 366 1445 391 et
1466 359 1600 392 idoneus
1613 370 1651 392 eo
1665 359 1709 392 fio
1722 359 1874 403 operibus
1895 360 1974 394 meis
1989 360 2155 393 faciendis.

319 425 467 457 Intellexi
489 426 576 458 euim
607 436 743 457 vacuum
778 431 923 457 ventrem
957 431 988 457 et
1017 424 1082 456 cibi
1109 425 1329 468 appetentiam
1357 425 1516 469 impedire
1544 425 1722 470 sapientem
1750 426 1924 469 quominus
1947 427 2077 470 negotia
2100 439 2156 460 sua

318 493 399 525 bene
420 492 582 536 perficiat,
611 503 751 534 eumque
778 492 934 535 imparem
960 490 1096 524 reddere
1125 492 1220 524 rebus
1247 493 1312 525 suis
1336 493 1486 537 agendis:
1511 493 1576 525 vidi
1600 493 1687 526 enim
1717 493 1866 537 gulosum
1889 503 1954 525 esse
1979 493 2049 526 sine
2070 501 2153 526 stre—

317 560 459 600 nuitate,
484 560 601 592 famem
632 566 740 591 autem
773 570 839 592 esse
868 558 1009 602 speciem
1041 558 1157 591 morbi.
1213 559 1319 599 Quare
1347 558 1410 591 cibi
1440 565 1565 592 tantum
1591 571 1669 603 cape
1691 567 1850 603 quantum
1877 560 2056 603 appetitum
2087 573 2103 592 a
2125 568 2156 593 tc

317 634 496 668 removeat,
523 638 652 669 quoque
675 638 768 659 sanes
793 625 942 659 morbum
970 625 1076 657 famis.
1109 644 1148 650 -—
1172 625 1261 658 Adiit
1292 632 1398 658 noster
1423 627 1637 659 Solaimanum
1661 626 1808 667 ibn-Ali,
1833 632 1998 666 wcztrum,
2029 634 2157 671 propter

317 695 484 738 negotium
517 693 702 737 quoddam,
744 693 834 737 isque
861 692 908 725 illi
928 692 1029 725 dixit:
1065 692 1173 725 Juravi
1191 693 1260 736 jam
1290 704 1342 725 me
1364 694 1425 726 hoc
1448 704 1511 726 non
1540 694 1711 726 facturum.
1748 696 1852 734 Heus,
1874 695 2020 735 Wezire,
2050 694 2158 737 inquit

315 754 427 805 Sahib,
452 763 477 795 si
503 762 629 795 nullum
660 772 814 804 umquam
834 761 1065 805 jusjurandum
1082 761 1256 803 juraveris,
1283 760 1371 804 quod
1395 761 1535 804 ruperis,
1563 772 1628 793 nou
1659 760 1753 792 velim
1782 772 1848 793 esse
1868 761 2008 804 primus,
2039 762 2095 805 qui
2126 769 2156 794 tc

315 833 355 864 ad
371 832 550 876 perjurium
575 830 702 874 adigat:
727 830 783 862 sed
807 829 832 861 si
856 829 970 862 melius
993 828 1074 872 quid
1096 828 1195 868 vides,
1219 828 1260 860 da
1283 828 1488 872 piamentum
1498 828 1523 858 ².
1549 828 1636 860 Bona
1662 827 1784 870 inquit,
1805 840 1823 860 a
1846 830 1912 861 Deo
1933 834 2019 872 peto,
2037 835 2068 861 et
2088 840 2154 861 reni

313 899 461 943 perfecit.
489 919 525 922 Α
553 897 703 930 Dicebat:
739 896 800 937 Qui
835 896 928 928 audit
959 907 1139 928 sermonem
1173 907 1190 927 a
1226 907 1290 939 quo
1323 895 1474 927 abhorret
1503 901 1535 926 et
1563 900 1663 935 tacet,
1696 895 1729 926 id
1759 906 1775 926 a
1801 906 1866 937 quo
1897 895 2049 928 abhorret
2075 908 2091 927 a
2124 908 2156 928 se

313 972 470 999 removet:
497 971 529 996 at
549 963 744 1007 respondens
771 962 863 995 audit
883 962 974 1006 plura
1005 962 1103 994 etiam
1128 961 1169 994 de
1193 973 1250 999 eo,
1275 973 1291 993 a
1315 973 1379 1004 quo
1397 961 1560 994 abhorret.
1585 962 1606 993 ³.

398 1100 606 1133 Abu-Bistam
635 1090 720 1135 So=ba
749 1097 1013 1140 ·ibuo-l-Haggz‘ig
1036 1097 1271 1131 ·ibno-l-Ward
1287 1100 1311 1129 ⁴.

405 1167 510 1200 Clieus
535 1174 604 1200 crat
624 1166 821 1208 ‘al-'I‘Saqirae
841 1164 898 1209 (?)‚
936 1164 1185 1209 cognominatus
1215 1164 1443 1205 ‘Abu-Bistam,
1473 1164 1601 1208 origine
1638 1164 1842 1206 misnensis,
1869 1166 1965 1198 domo
2009 1167 2154 1209 Bacren-

308 1235 359 1267 sis.
406 1235 498 1268 Vidit
542 1234 784 1271 ·al-Hasan11m5
827 1239 858 1265 et
897 1231 1149 1269 Mohammadem
1183 1232 1249 1264 ·ibn
1264 1234 1346 1264 Sirin
1377 1232 1401 1270 θ,
1445 1237 1477 1264 et
1515 1231 1640 1264 audivit
1663 1232 1812 1273 Qatiidam
1834 1232 1857 1272 ⁷,
1895 1234 2046 1265 Junosum
2075 1232 2154 1264 ·ibn-

307 1302 465 1341 ΖΟΙ-Μιίεἰς,
492 1301 642 1345 Aijubum
657 1302 689 1341 ⁹,
715 1296 858 1333 Calidum
876 1299 1112 1336 *al—I-laddfiasm
1140 1300 1183 1339 ¹⁰,
1214 1298 1502 1332 Abdod-malicum
1526 1299 1729 1332 ·ibn-²Omaii‘
1751 1300 1792 1339 ¹¹,
1822 1299 2071 1343 Abu-'Ishaqum
2096 1312 2153 1332 τιε-

308 1369 450 1402 Sabinum
466 1371 502 1410 ¹²,
526 1369 653 1406 Talham
669 1366 908 1410 ·ibn-1t10‹;arrif
924 1367 960 1407 ²3,
982 1366 1125 1408 aliosque
1147 1365 1231 1398 bene
1253 1365 1371 1398 multos
1389 1366 1486 1409 liujus
1513 1366 1629 1399 elassis.
1666 1366 1860 1399 Retulerunt
1882 1368 1949 1410 ejus
1966 1367 2154 1400 auctoritate

391 1594 398 1613 ¹
422 1591 521 1620 Solent
547 1591 626 1619 enim
649 1590 706 1619 sere
733 1589 859 1618 Moslimz'
880 1588 1036 1628 jentaculo
1058 1598 1119 1617 nou
1146 1589 1202 1617 uti:
1225 1588 1263 1616 cs.
1285 1588 1378 1623 Laue,
1407 1587 1480 1616 1001
1508 1587 1622 1625 ΝίςΙιΐε,
1650 1588 1719 1627 Cap.
1744 1587 1763 1615 2
1781 1587 1826 1616 N0.
1842 1587 1878 1616 17
1893 1594 1922 1617 et
1943 1588 2018 1617 Mod.
2037 1589 2146 1628 qupe.

308 1656 364 1693 iod.
391 1654 493 1693 1836),
514 1654 542 1689 1,
564 1665 594 1694 p.
615 1652 682 1682 164.

388 1720 400 1739 ²
422 1718 460 1746 Dc
481 1717 593 1758 piando
612 1715 809 1756 jurejurando
829 1715 887 1744 vid.
915 1715 950 1743 de
976 1714 1062 1743 stane
1090 1725 1116 1743 v.
1144 1713 1236 1752 Angl.
1266 1714 1295 1747 Ι,
1321 1724 1348 1753 p.
1365 1714 1420 1750 53,
1437 1713 1485 1742 ΝΟ.
1503 1714 1530 1743 2.
1575 1715 1616 1743 Ex
1639 1714 1701 1742 cod.
1722 1714 1795 1742 salso
1818 1715 1897 1754 typis
1919 1726 2087 1755 expressum
2108 1723 2151 1746 est

308 1800 401 1835 ff
423 1797 477 1827 pro
499 1782 600 1826 [μμ.

386 1856 399 1878 3
421 1855 495 1884 Huic
505 1854 581 1883 vitae
601 1853 635 1882 iu
648 1852 781 1891 margine
797 1851 948 1879 adduntur
966 1849 1048 1879 verba
1059 1872 1064 1882 ‚
1077 1858 1152 1889 quac
1163 1847 1290 1888 protulit
1306 1847 1395 1876 etiam
1410 1848 1547 1877 Willmet
1564 1848 1643 1888 apud
1653 1847 1879 1888 Tydcmannum
1898 1849 1931 1878 in
1942 1848 2047 1890 Consp.
2058 1861 2086 1890 p.
2101 1851 2149 1888 42,

309 1926 341 1953 in
359 1934 418 1964 qno
436 1923 502 1951 loco
523 1922 615 1951 miror
633 1921 666 1948 V.
685 1919 727 1948 Cl.
752 1919 853 1958 legisse
874 1915 943 1966 &l
966 1918 1011 1947 vel
1036 1913 1129 1956 »[Ᾱρί,
1152 1915 1233 1956 quod
1261 1914 1383 1945 nullum
1409 1915 1498 1946 efficit
1522 1927 1654 1952 sensum,
1676 1926 1770 1955 quum
1798 1917 1944 1945 tamenin
1971 1917 2075 1946 Codice
2093 1918 2148 1947 dis-

309 1991 408 2020 tinctis
429 1990 521 2019 literis
545 1988 660 2027 legatur
675 1983 758 2044 fol.

387 2060 399 2081 ⁴
422 2058 493 2087 Vide
509 2058 596 2086 ctiam
618 2056 654 2084 de
673 2055 713 2084 Sl.
729 2055 760 2084 in
781 2065 850 2083 vers.
873 2054 961 2093 Angl.
982 2054 1009 2091 1,
1029 2065 1057 2094 p.
1078 2053 1153 2087 493,
1177 2052 1226 2081 N0.
1241 2051 1260 2081 8
1280 2051 1356 2090 (text
1369 2051 1418 2080 Ar.
1440 2063 1470 2091 p.
1487 2047 1564 2089 γον),
1585 2056 1613 2080 ct
1632 2051 1765 2080 Nawawi
1781 2061 1811 2090 p.
1834 2054 1899 2083 1⁹10.
1922 2051 2028 2080 Bistam
2048 2055 2149 2094 scripsi

310 2126 482 2154 auctoritate
505 2124 611 2156 slanii,
638 2123 658 2152 l.
679 2123 700 2151 l.
727 2121 880 2162 Tydeman
908 2122 942 2149 iu
967 2120 1074 2161 Consp.
1106 2120 1183 2149 male
1207 2119 1290 2148 dedit
1311 2129 1438 2162 *fit-²⁸¹·

389 2194 401 2215 5
423 2193 475 2221 uic
495 2198 536 2221 est
554 2191 700 2225 ubl-{asan
717 2190 865 2228 wil-Baeti:
886 2184 998 2218 'Ibu-C.
1018 2199 1047 2228 p.
1070 2194 1125 2225 ΙΛΛ,
1147 2188 1230 2216 Naw.
1251 2197 1280 2226 p.
1305 2191 1368 2222 t‘·⁴1;
1391 2186 1467 2225 Sacy
1484 2186 1577 2215 Antla.
1594 2196 1716 2224 qramm.
1736 2196 1766 2225 p.
1787 2184 1855 2214 304.

390 2263 402 2282 5
422 2255 532 2289 'thu-C.
550 2270 578 2299 p.
594 2263 664 2291 ‘Wo-
689 2256 772 2285 Naw.
788 2267 818 2296 p.
838 2262 860 2288 Ι.
874 2261 903 2288 ἢ.
1003 2256 1016 2278 7
1038 2251 1158 2284 ‘Ihm-C.
1173 2267 1203 2295 p.
1219 2259 1277 2288 oqv.
1300 2254 1384 2283 Naw.
1400 2268 1426 2286 ο.
1440 2260 1469 2286 ‘i-
1539 2289 1546 2296 θ
1593 2255 1606 2275 8
1626 2253 1708 2282 Naw.
1727 2252 1779 2281 MS.
1802 2252 1879 2281 Leid.
1897 2263 1926 2293 p.
1948 2254 2017 2283 226,

389 2325 401 2347 ⁹
424 2324 496 2352 Puto
516 2322 572 2351 hoc
587 2331 693 2350 nomen
710 2330 767 2348 esse
781 2319 970 2359 ejiciendum.
1132 2319 1157 2341 10
1179 2318 1217 2346 De
1229 2318 1269 2347 Sl.
1283 2328 1354 2347 vers.
1369 2316 1679 2358 Angl.11,p.688‚N0.
1695 2318 1723 2346 5.

379 2393 400 2413 ¹¹
430 2386 532 2419 [bn-C.
554 2400 583 2428 p.
602 2396 664 2421 120·-
687 2387 770 2416 Naw.
788 2397 817 2426 p.
833 2390 902 2419 ΡΉ.

379 2460 403 2481 12
423 2458 532 2487 'Um-(J.
545 2468 574 2496 p.
589 2462 663 2488 ome.
688 2456 769 2484 Naw.
781 2454 835 2484 MS.
847 2453 925 2483 Leid.
937 2465 966 2493 p.
978 2453 1046 2482 227.
1209 2454 1233 2475 13
1254 2453 1337 2482 Νίκην.
1358 2464 1385 2492 p.
1400 2458 1468 2485 Μὀ.

2216 1113 2262 1132 ΠὩ.

2408 800 2415 857 --.·-
2406 603 2415 786 -ι-μ-ι
