2415 2922
1077 202 1247 232 -21-

240 305 376 337 salutem
399 304 483 346 det),
506 303 647 348 perlatus
670 308 717 335 est
741 302 772 334 ei
803 301 938 334 nuntius
963 308 1128 335 mortuum
1155 300 1336 336 ‘Otmz‘inum
1359 309 1392 335 et
1421 299 1551 339 Califam
1576 305 1748 337 salutatum
1774 318 1841 340 esse
1866 307 1977 339 *Alium
2018 310 2087 349 Qua

239 372 281 404 de
305 383 399 404 causa
423 382 526 414 quum
548 372 682 407 Meccam
704 375 868 413 repeteret
893 380 966 401 cum
987 380 1024 401 ea
1050 381 1083 402 se
1109 369 1350 412 conjunxerunt
1369 371 1466 407 Talna
1484 372 1509 412 ¹,
1536 371 1714 404 ·az-Zobair
1735 374 1748 395 ²
1769 380 1801 405 et
1823 375 1962 407 Maru-an
1984 375 2089 408 -ibno—

239 439 410 480 l·I-{akam,
435 439 492 482 qui
509 449 612 481 quum
628 439 762 473 Meccam
779 436 942 469 venissent
960 436 1224 470 deliberaverunt
1245 438 1286 471 de
1308 439 1450 481 ratione,
1474 451 1538 483 qua
1559 440 1728 485 sanguinis
1751 441 1893 475 'Otmanz'
1910 444 2087 477 vindictam

239 506 467 547 instituerent,
501 505 627 548 sibique
657 506 849 537 Damascum
882 503 927 536 ire
953 511 1208 548 proposuerunt,
1240 506 1396 549 quoniam
1425 507 1471 539 ibi
1504 515 1584 541 esset
1611 510 1767 553 Mo=awija.
1814 510 1863 542 Ab
1889 512 1951 544 hoe
1979 519 2087 545 tamen

238 575 402 619 proposito
419 586 472 608 eos
487 573 625 606 devertit
640 572 827 606 ‘Abdo-l-lah
849 569 1041 611 ibn-Zmir,
1066 571 1226 616 jussitque
1245 585 1297 606 eos
1321 576 1451 619 Baeram
1468 575 1525 608 ire.
1561 577 1620 609 Hic
1638 589 1740 620 quum
1758 578 1917 611 venissent
1933 589 2087 624 ceperunt

237 641 416 675 ³Otm1‘1num
441 638 643 676 ·ibn-H0naif
657 640 683 679 ³,
704 639 905 683 praefectum
927 639 994 671 ‘Alie'
1015 639 1051 671 in
1075 639 1137 671 bac
1154 640 1250 682 urbe,
1276 652 1417 685 eumque
1440 642 1623 676 interficere
1638 644 1824 686 voluerunt3
1841 646 1897 678 sed
1913 645 2089 679 obtestatus

238 717 286 743 est
302 710 373 743 illos
393 720 451 753 per
468 710 584 749 Deum,
604 707 862 750 memoravitque
879 707 1066 740 societatem
1091 718 1182 739 suam
1208 719 1282 740 cum
1302 708 1426 752 profeta
1447 710 1505 742 Dei
1533 710 1716 754 (benedicat
1734 712 1762 744 ei
1784 714 1867 745 Deus
1886 713 1981 756 eique
2000 714 2087 745 salu-

238 785 303 810 tem
329 776 412 816 det).
431 775 556 808 Placuit
575 774 676 819 igitur
700 774 839 818 flagellis
860 785 934 807 eum
961 774 1106 816 caedere,
1131 774 1230 818 idque
1252 786 1327 808 cum
1349 777 1498 810 fecissent
1514 778 1716 822 barbamque
1733 780 1762 812 ei
1779 780 1878 813 etiam
1895 781 2087 813 abrasissent

237 851 407 887 totumque
431 849 529 887 caput
552 854 656 886 usque
683 842 724 874 ad
746 842 916 885 supercilia
943 848 975 874 et
1001 841 1191 885 palpebram,
1215 854 1290 875 eum
1315 843 1348 876 in
1365 856 1525 878 carcerem
1542 847 1764 890 conjecerunt,
1791 849 2088 893 interfeceruntque

236 912 476 956 quinquaginta
504 911 607 952 viros,
632 911 688 954 qui
715 921 787 942 cum
812 921 850 943 eo
877 910 999 943 aerario
1025 910 1250 954 praefuerant,
1280 912 1424 955 aliosque
1454 913 1519 946 ³Ahz'
1543 915 1734 958 praefectos.
1782 916 1841 949 Hic
1865 928 1960 958 vero,
1986 929 2086 960 quum

236 979 423 1012 nuntiatum
457 986 537 1011 esset
571 989 624 1011 eos
657 977 940 1021 appropinquare,
966 989 1111 1021 egressus
1136 984 1183 1010 est
1206 985 1241 1011 ut
1266 979 1304 1012 iis
1333 987 1548 1015 anteverteret
1573 990 1605 1015 et
1626 984 1728 1027 petito
1751 985 1872 1018 auxilio
1904 986 1944 1017 ab
1974 985 2086 1018 incolis

236 1047 339 1083 Kufae
363 1049 494 1090 Baqram
516 1045 679 1089 profectus
706 1051 770 1078 est:
796 1051 865 1077 crat
891 1052 1000 1078 autem
1031 1045 1123 1089 copia
1150 1046 1262 1079 decem
1290 1048 1431 1081 millium
1458 1049 1610 1082 virorum.
1656 1052 1696 1082 Et
1728 1057 1837 1084 contra
1864 1063 1939 1083 eum
1967 1053 2087 1096 egressi

236 1126 310 1146 cum
334 1113 448 1147 incolis
469 1115 586 1157 Baerae
612 1113 725 1154 Talba,
750 1112 930 1145 ‘az-Zobair
957 1119 989 1145 et
1011 1111 1090 1157 ssyssa
1119 1124 1271 1157 magnam
1292 1126 1438 1158 pugnam
1461 1117 1705 1150 commiserunt.
1730 1138 1773 1142 -—-
1794 1119 1879 1151 Dixit
1897 1120 2087 1152 Abdo-I-Mh

235 1182 490 1215 ·ibn0-z-zobair
510 1183 543 1212 4:
569 1181 660 1214 Evasi
687 1181 741 1213 die
766 1181 882 1214 cameli
903 1182 916 1203 ⁵
942 1181 1078 1226 triginta
1105 1188 1229 1225 septem
1249 1190 1418 1226 coopertus
1443 1184 1631 1217 vulneribus
1653 1186 1754 1218 hastis
1780 1186 1963 1230 gladiisque
1986 1187 2089 1220 factis.

235 1252 418 1293 Numquam
435 1249 500 1281 vidi
519 1249 645 1292 aliquid
660 1249 766 1282 simile
780 1249 858 1281 huic
875 1249 952 1281 diei.
988 1250 1088 1282 Nemo
1105 1255 1249 1282 nostrum
1273 1261 1380 1295 neque
1397 1262 1508 1284 eorum
1530 1252 1628 1297 fugit,
1645 1260 1677 1286 et
1692 1253 1836 1286 habenas
1854 1255 1968 1287 cameli
1993 1268 2088 1288 nenio

235 1318 412 1361 prehendit
425 1317 507 1360 quin
527 1316 737 1350 occideretur.
764 1319 837 1360 Ipse
856 1328 986 1360 quoque
1007 1329 1058 1350 eas
1080 1317 1216 1361 arripui,
1231 1325 1263 1351 et
1278 1319 1318 1350 ab
1333 1318 1413 1364 ἴλῃ-’ἑὰ
1435 1328 1568 1365 rogatus
1585 1322 1735 1364 quisnam
1752 1335 1864 1362 essem,
1879 1335 1931 1356 nie
1947 1325 2089 1357 'Ibno-z—

235 1385 404 1418 Zobairum
425 1396 490 1417 esse
508 1384 588 1417 dixi.
618 1386 657 1416 Et
682 1384 757 1423 illa,
783 1385 933 1426 Nomina,
957 1385 1115 1429 profecto,
1141 1386 1260 1429 inquit,
1284 1399 1368 1430 quae
1394 1388 1551 1431 plurimos
1573 1389 1667 1423 orbos
1688 1389 1824 1422 faciunt.
1850 1392 2019 1424 Praeteriit
2037 1405 2090 1424 nie

234 1453 400 1486 -al-Asfarss
417 1465 558 1496 eumque
578 1452 727 1497 cognovi,
745 1453 975 1496 amplexusque
988 1465 1062 1486 eum
1075 1453 1229 1486 clamavi:
1247 1455 1393 1488 Occidite
1405 1467 1456 1489 me
1473 1464 1504 1489 et
1515 1456 1670 1490 Malieum.
1689 1460 1778 1490 Tunc
1790 1459 1830 1491 ab
1845 1466 1982 1501 utraque
1999 1468 2089 1503 parte

233 1523 384 1556 homines
402 1522 604 1554 advenerunt
618 1527 651 1553 et
666 1528 857 1565 pugnarunt
873 1521 977 1554 donec
992 1521 1130 1565 separati
1146 1533 1299 1564 essemus,
1317 1530 1349 1555 et
1364 1535 1425 1567 ego
1438 1524 1613 1557 amisissem
1631 1525 1785 1558 habenas.
1808 1529 1846 1559 Et
1862 1528 1969 1559 audivi
1984 1528 2088 1560 Alium

235 1592 377 1635 (gratum
408 1601 483 1623 eum
508 1589 630 1622 habeat
652 1589 748 1632 Deus>
773 1589 986 1622 clamantem:
1013 1589 1136 1622 Pedum
1155 1590 1304 1623 tendines
1325 1592 1448 1624 carnelo
1473 1599 1657 1636 amputate,
1681 1594 1744 1626 hoc
1771 1593 1857 1626 enim
1883 1595 1939 1627 ubi
1966 1596 2088 1627 factum

233 1658 295 1691 erit
317 1658 558 1702 dispergentur.
593 1658 683 1689 Tunc
707 1669 725 1689 a
747 1657 815 1690 viro
838 1657 981 1700 quodam
1006 1668 1172 1700 percussus
1193 1658 1334 1691 camelus
1353 1659 1491 1700 cecidit,
1517 1660 1651 1703 ejusque
1675 1661 1805 1704 mugitu
1825 1662 1910 1694 nihil
1933 1674 2088 1706 umquam

234 1726 363 1770 gravius
384 1725 505 1758 audivi.
529 1724 579 1757 ²Ali
597 1725 739 1769 (gratum
765 1736 840 1757 enm
856 1724 976 1757 babeat
991 1724 1087 1767 Deus)
1106 1725 1218 1758 sellam
1236 1726 1305 1769 ejus
1325 1738 1342 1759 e
1362 1726 1471 1760 medio
1491 1727 1668 1760 occisorum
1690 1728 1797 1761 afferri
1814 1729 1909 1772 jussit
1936 1731 2089 1773 (namque

232 1794 384 1836 ·al-Qa=qa
405 1794 433 1823 ⁷:
462 1799 494 1825 et
518 1792 612 1825 Zofar
638 1789 859 1828 ibno-l-Hari't
885 1804 955 1825 eam
980 1792 1021 1825 de
1048 1799 1139 1836 tergo
1173 1793 1288 1825 cameli
1319 1793 1519 1826 abstulerant
1548 1794 1590 1826 ad
1610 1795 1743 1837 ejusque
1771 1795 1855 1828 latus
1883 1798 2086 1839 posuerant):

233 1868 266 1893 et
301 1861 455 1893 accedens
483 1860 688 1896 Mohammad
712 1859 982 1892 ibn-Abi-Bacrss
1016 1871 1090 1892 cum
1128 1862 1276 1893 ‘Ammaro
1318 1860 1424 1893 enisus
1468 1867 1514 1894 est
1546 1861 1650 1895 donec
1693 1874 1764 1895 eam
1797 1863 1983 1897 abduxerit:
2020 1873 2085 1896 tuni

315 2029 326 2049 1
350 2028 389 2056 De
414 2027 503 2060 Tull-ia
524 2026 803 2056 ·ib11-²Obaidi-l-l:ih
831 2028 868 2056 cs.
891 2028 974 2056 Naw.
1001 2039 1030 2068 p.
1053 2034 1130 2061 ⁸⁰⁸⁴?-

314 2097 327 2117 2
349 2096 388 2125 De
412 2095 533 2124 Zobairo
556 2095 821 2129 ·ibno-l-Aww5m,
847 2095 888 2124 ib.
912 2107 941 2136 p.
964 2101 1028 2132 βω,
1051 2095 1087 2124 de
1104 2096 1144 2124 Sl.
1164 2107 1188 2124 v.
1208 2097 1298 2136 Augl.
1318 2098 1349 2126 V.
1367 2098 1396 2126 ΙΙ
1412 2109 1441 2137 p.
1461 2099 1526 2126 199.
1678 2102 1689 2120 ὀ
1713 2099 1795 2128 Naw.
1813 2111 1841 2139 p.
1859 2108 1923 2132 φη.

311 2160 324 2181 4
346 2159 413 2188 Vita
434 2158 622 2188 Abdo-l-liihz·
644 2157 735 2198 hujus
754 2164 890 2198 sequetur
908 2159 957 2188 N0.
976 2159 1036 2189 XV.

312 2224 325 2245 5
347 2223 421 2251 Dies
447 2222 559 2251 Cameli
583 2233 604 2252 s.
627 2233 728 2262 pugna
761 2222 798 2251 ad
822 2218 956 2256 Caribam
986 2223 1044 2252 suit
1065 2224 1112 2252 die
1139 2224 1175 2253 10
1196 2225 1303 2253 niensis
1325 2225 1468 2260 Gomadfie
1488 2226 1515 2259 Ι,
1537 2236 1562 2254 a.
1586 2226 1638 2264 36,
1665 2227 1828 2256 secundnm
1852 2228 1934 2255 Καὶν,
1961 2228 2006 2266 (in
2026 2230 2086 2256 zita

233 2291 354 2329 ‘sall-iae,
376 2302 445 2332 pag.
468 2291 560 2330 Phe),
581 2292 634 2331 qui
667 2291 751 2320 addit
773 2296 827 2332 ωῤ
868 2286 982 2323 »3)Κρ
1009 2285 1033 2325 X
1058 2286 1160 2342 Hm).
1201 2292 1370 2322 'Aha-l-fida.
1398 2299 1496 2322 tamen
1520 2294 1613 2333 (Anu.
1641 2295 1670 2332 1,
1696 2305 1725 2334 p.
1750 2294 1822 2334 294)
1845 2306 1979 2335 pugnam
2003 2307 2086 2325 corn-

233 2357 350 2386 missam
368 2356 441 2385 dicit
459 2356 556 2385 medio
573 2365 671 2384 mense
689 2356 772 2390 Gom.
792 2355 835 2389 II,
854 2355 986 2394 ejusdem
1003 2356 1088 2384 anni.
1125 2357 1164 2385 De
1181 2357 1373 2396 sequentibus
1391 2358 1426 2386 cs.
1452 2358 1655 2396 Quatrenstre,
1677 2359 1760 2387 Mem.
1783 2369 1834 2387 sur
1855 2359 1881 2387 Ia
1908 2362 1953 2388 cie
1972 2360 2087 2388 <iniba-

231 2420 314 2459 *allah
330 2420 384 2448 ben
408 2420 534 2456 Ζοὸαϊν,
552 2431 581 2460 p.
600 2419 636 2448 19
653 2430 732 2460 sqq.‚
753 2425 780 2448 et
798 2419 941 2453 Hammcr,
965 2420 1182 2454 Gemiildesaal‚
1204 2421 1232 2458 1,
1250 2433 1278 2461 p.
1300 2422 1374 2456 326,
1393 2433 1456 2462 sqq.
1602 2424 1614 2445 6
1636 2423 1719 2452 Ham.
1746 2423 1880 2462 ΙΓᾶᾳῐάῑ,
1900 2435 1929 2464 p.
1948 2424 2021 2461 115,
2045 2435 2086 2463 sq.

311 2488 323 2509 ἵ
346 2487 495 2516 Ham.l.l.
512 2498 542 2527 p.
558 2486 610 2516 69.
816 2489 828 2509 8
851 2486 934 2516 Naw.
956 2498 985 2526 p.
1010 2493 1043 2518 Η.
