2415 2922
1099 202 1247 231 --3-

245 307 336 332 tuum
364 299 541 335 Hafimum!
575 300 772 338 ‘Abii-Gfflfar
810 301 854 333 ita
884 312 1016 334 narrare
1047 301 1205 345 perrexit:
1249 301 1406 333 Salutavit
1435 313 1510 334 eum
1541 302 1749 338 'ibn-Hanbal
1785 303 1879 347 eique
1917 304 2092 336 adventum

242 366 421 411 gratulatus
441 374 612 410 postquam
634 368 771 401 comiter
793 379 867 400 eum
894 375 1079 411 exceperat:
1114 369 1172 401 Dic
1194 368 1295 409 mihi,
1321 368 1445 411 inquit,
1470 368 1610 409 Hatime,
1630 380 1695 412 quo
1716 376 1838 403 constet
1862 370 2001 403 liberum
2028 383 2094 404 esse

242 445 349 477 neque
375 434 446 466 aliis
469 434 659 467 hominibus
680 434 884 467 obnoxium?
906 435 964 468 Cui
987 435 1058 468 ille:
1076 436 1200 477 Tribus,
1219 435 1536 475 ‘Abu-'Ade-l-lahe,
1557 436 1662 470 rebus.
1695 439 1871 479 Quaenam,
1894 438 2019 482 inquit,
2036 450 2092 472 eae

241 500 337 534 sunt?
359 503 402 534 Ut
423 501 479 534 des
501 501 580 543 illis,
608 502 715 545 inquit
737 503 865 544 Hafim,
894 514 970 547 opes
991 509 1079 544 tuas,
1104 515 1211 547 neque
1233 504 1372 547 accipias
1391 515 1467 547 opes
1492 503 1640 546 illorum,
1666 511 1767 547 utque
1791 505 1913 537 tribuas
1940 506 2002 538 illis
2016 507 2091 551 jura

239 580 294 601 sua
316 580 423 611 neque
436 569 477 601 ab
498 569 561 600 illis
581 576 707 612 repetas
720 570 774 613 jus
796 570 898 602 ullum
910 595 918 611 ,
936 577 1037 614 utque
1060 571 1204 614 denique
1222 572 1304 604 feras
1322 572 1452 604 illorum
1467 572 1734 616 reprehensiones
1749 584 1856 615 neque
1875 574 2093 617 reprehendas

241 635 311 668 illos
337 636 611 679 qualemcumque
636 636 678 668 ab
702 648 844 670 causam.
892 640 982 671 Tunc
1006 638 1185 674 Ahmadum
1213 639 1313 671 oculis
1337 639 1452 671 defixis
1484 646 1602 672 terram
1629 640 1743 684 digitis
1772 641 1961 684 percussisse
1990 641 2091 680 dixit,

240 704 360 736 deinde
384 715 458 737 vero
476 711 575 748 caput
593 705 756 738 sustulisse
777 712 809 738 et
831 705 964 738 dixisse:
990 705 1104 738 Gravia
1124 717 1160 738 ea
1183 712 1257 737 sunt
1278 705 1441 749 profecto,
1458 707 1602 742 ‘Hi-stime.
1638 709 1732 739 Hunc
1750 718 1824 740 vero
1845 708 1874 740 ei
1892 708 2092 752 respondisse

239 778 287 804 ter
308 771 453 815 repetitis
474 771 594 804 verbis:
619 772 749 805 Utinam
773 773 856 805 viam
881 772 991 805 salutis
1012 772 1221 817 ingrediaris!
1241 792 1284 798 —
1303 774 1445 817 Roganti
1468 774 1614 806 cuidam:
1641 774 1843 815 Quibusnam
1870 775 2093 808 fundamentis

238 840 389 873 nituntur
410 852 459 874 res
476 840 573 874 tuae?
589 841 773 885 respondit:
786 843 941 883 Quatuor.
967 842 1061 882 Quod
1077 840 1176 873 vitam
1194 851 1259 873 non
1275 840 1456 884 relinquam
1470 848 1645 885 antequam
1664 842 1791 886 integra
1803 854 1873 875 mea
1889 843 1973 875 mihi
1986 843 2093 887 portio

238 908 313 940 data
329 908 371 940 sit
389 919 492 951 eaque
510 920 607 942 nemo
622 909 747 941 fruetur
768 909 830 941 nisi
850 920 911 952 ego
932 908 1011 952 ipse3
1028 909 1182 952 quodque
1199 909 1331 951 quando
1348 909 1452 941 fatum
1469 921 1580 943 meum
1596 912 1741 943 futurum
1764 910 1805 943 sit
1825 910 1946 952 nescio,
1958 917 1990 943 et
2002 912 2090 954 quod

239 987 255 1007 a
276 977 342 1008 Deo
366 987 407 1008 ne
430 976 606 1008 minimum
628 976 763 1019 quidem
789 976 945 1019 temporis
971 982 1129 1019 punctum
1155 976 1280 1008 absum.
1311 997 1350 999 —
1373 977 1476 1009 Dixit:
1502 977 1534 1009 Si
1556 977 1759 1010 emissarius1
1783 977 1844 1010 tihi
1869 978 2033 1019 assideret,
2057 985 2093 1011 ut

239 1044 358 1087 scripto
379 1044 465 1076 dicta
487 1052 538 1077 tua
557 1044 737 1085 mandaret,
752 1043 898 1088 profecto
920 1045 961 1076 ab
981 1055 1018 1076 eo
1037 1055 1161 1076 caveres
1174 1044 1259 1087 :jam
1278 1055 1351 1077 vero
1365 1055 1466 1087 quum
1488 1045 1687 1077 adscendant
1704 1045 1746 1077 ad
1759 1047 1861 1078 Deum
1875 1046 1916 1077 ab
1930 1057 1967 1078 eo
1982 1053 2093 1078 tamen

237 1122 302 1143 non
325 1122 426 1144 caves.
450 1130 495 1136 -
518 1102 644 1144 Dicenti
667 1111 814 1144 cuidam:
850 1110 999 1143 Pervenit
1021 1111 1062 1142 ad
1085 1122 1138 1143 me
1163 1110 1249 1142 fama
1271 1117 1303 1143 te
1326 1112 1463 1145 transire
1495 1112 1618 1145 deserta
1650 1113 1719 1145 sine
1748 1112 1884 1153 viatico,
1907 1113 2092 1156 respondit:

237 1178 324 1217 Iino,
348 1189 422 1210 cum
445 1178 561 1211 viatico
592 1190 628 1211 ea
653 1185 797 1212 transeo:
831 1178 984 1210 viaticum
1016 1189 1124 1210 meum
1157 1178 1191 1210 in
1218 1179 1268 1211 his
1298 1186 1438 1222 quatuor
1466 1187 1594 1212 tantum
1636 1181 1731 1213 rebus
1767 1187 1907 1221 constat,
1938 1180 2096 1223 alterique

236 1245 365 1289 roganti
388 1256 550 1288 quaenam
573 1245 647 1278 illae
668 1245 800 1279 essent?
824 1245 941 1285 Video,
958 1245 1077 1288 inquit,
1100 1251 1204 1278 totum
1223 1247 1384 1279 mundum
1405 1259 1542 1291 regnum
1561 1259 1629 1280 esse
1650 1248 1719 1289 Dei,
1741 1259 1918 1291 omnesque
1935 1255 2095 1281 creaturas

237 1323 302 1345 esse
330 1314 398 1356 ejus
421 1324 525 1345 servos
550 1320 581 1346 et
601 1313 781 1354 familiam,
815 1320 847 1346 et
878 1313 987 1346 omnia
1014 1312 1132 1355 quibus
1163 1314 1203 1345 ad
1227 1314 1428 1357 propositum
1452 1315 1704 1358 perveniamus2
1725 1327 1901 1359 omnesque
1927 1328 1976 1349 res
2005 1316 2035 1348 vi
2047 1323 2096 1348 tae

237 1382 430 1415 necessarias
455 1393 522 1415 esse
546 1382 581 1414 in
603 1382 659 1414 Dei
681 1382 797 1415 excelsi
815 1388 989 1426 potestate,
1008 1381 1169 1424 videoque,
1180 1381 1238 1413 Dei
1259 1381 1433 1425 imperium
1453 1388 1619 1415 extensum
1635 1394 1697 1426 per
1720 1390 1821 1416 totam
1844 1383 1903 1416 Dei
1927 1391 2044 1417 terram
2068 1385 2090 1415 3.

237 1450 325 1482 Dixit
346 1450 375 1482 ei
398 1449 447 1482 vir
468 1449 542 1481 ille:
577 1451 677 1482 Macte
699 1449 819 1482 viatico
842 1449 916 1492 tuos,
944 1448 1083 1485 Hatime!
1108 1448 1257 1481 transibis
1288 1460 1325 1482 eo
1357 1449 1399 1481 ad
1421 1449 1550 1494 refugia
1573 1450 1658 1483 vitae
1684 1450 1814 1483 futurae
1834 1452 1857 1483 4.
1880 1471 1920 1475 —
1947 1451 2094 1483 Narravit

236 1517 365 1555 lja‘fim:
399 1517 552 1562 Proposui
574 1517 656 1549 mihi
690 1517 747 1549 ubi
770 1518 904 1553 Meccam
928 1516 1128 1549 advenissem
1161 1528 1281 1560 gyrum
1306 1516 1429 1549 circum
1453 1518 1581 1555 Kazbam
1612 1518 1736 1560 facere,
1756 1529 1933 1562 precesque
1955 1519 2094 1552 fundere

237 1585 340 1618 donec
373 1595 426 1617 me
456 1584 537 1617 vires
583 1584 777 1625 deficerent,
810 1591 843 1616 et
884 1595 981 1617 omne
1011 1584 1099 1627 quod
1128 1595 1256 1616 mecum
1287 1584 1442 1616 haberem
1479 1585 1692 1629 eleemosynis
1724 1585 1924 1629 impendere.
1985 1588 2092 1627 Quum

237 1653 339 1697 igitur
361 1654 498 1688 Meccam
517 1652 716 1685 advenissem
735 1663 844 1696 preces
865 1651 948 1690 fudi,
968 1663 1151 1696 gyrumque
1171 1651 1233 1683 feci
1251 1651 1355 1684 donee
1377 1664 1428 1685 me
1447 1653 1529 1686 vires
1551 1653 1742 1686 deficerent:
1756 1653 1837 1686 hacc
1858 1653 1923 1686 (luo
1937 1653 2095 1697 perficere

236 1720 347 1764 potui3
380 1720 513 1753 tertium
546 1731 610 1753 non
635 1720 736 1764 potui.
783 1720 836 1753 Sic
867 1720 1065 1753 desciveram
1095 1720 1135 1752 ab
1159 1720 1344 1753 obedientia
1379 1721 1420 1752 ab
1450 1733 1514 1752 una
1544 1727 1653 1764 parte,
1677 1722 1756 1754 dum
1782 1721 1888 1754 liber5
1921 1733 1939 1753 a
1962 1729 2094 1765 peccato

237 1798 324 1827 eram
341 1787 382 1819 ab
405 1787 516 1819 altera.
545 1807 585 1811 -
606 1787 708 1820 Etiam
729 1787 791 1820 hoc
813 1787 954 1820 narravit
976 1787 1104 1824 [lx-stim:
1132 1775 1266 1821 Nivibus
1287 1789 1401 1821 Bali-ae
1429 1788 1604 1832 aliquando
1635 1790 1723 1822 coelo
1752 1790 1978 1823 delabentibus
2005 1791 2093 1824 dorni

314 1964 325 1984 1
348 1961 440 1992 Verba
459 1952 548 2019 7421
570 1958 698 2008 &Lo
722 1963 754 1991 in
776 1963 883 1992 Lexico
906 1963 1055 2003 Freytagii
1078 1974 1141 1991 non
1162 1963 1366 2003 explicantur,
1395 1964 1443 1992 scd
1470 1964 1553 1993 video
1580 1976 1611 1993 ea
1639 1965 1672 1993 111
1694 1965 1932 2002 ν0111115101111111113
1962 1965 2087 1994 Arabica

235 2027 332 2067 Sacyi,
348 2027 380 2055 V.
395 2027 420 2055 l.
435 2037 466 2066 p.
482 2026 539 2055 197
560 2026 602 2055 ita
624 2027 710 2055 verti:
735 2027 839 2065 charqe
859 2027 893 2055 de
913 2027 1121 2066 l’espz'onnaqe.

315 2094 329 2114 ²
350 2093 416 2122 Non
437 2094 506 2122 satis
528 2099 662 2122 accurate
685 2093 828 2122 definitur
847 2109 939 2136 W
960 2095 994 2122 in
1016 2095 1073 2123 lex.
1096 2095 1192 2134 Freyt
1228 2095 1277 2123 Est
1295 2096 1376 2123 enim
1399 2096 1513 2134 vulgari
1536 2094 1696 2136 loquendi
1692 2107 1760 2131 usu,
1775 2103 1808 2126 ut
1828 2097 1973 2137 legimus
1965 2109 1998 2126 m
2013 2098 2090 2126 libro

236 2156 539 2211 Ta=r1sa>c⁴,07.0.2.lt
567 2156 607 2203 gi
631 2172 667 2193 &a
697 2158 815 2210 (μον.)
843 2157 891 2197 L.)
926 2158 999 2215 rui,
1023 2173 1059 2192 ex
1081 2173 1141 2202 qua
1161 2163 1381 2202 significatione
1403 2175 1503 2193 omnes
1526 2165 1610 2199 illae,
1630 2176 1705 2205 quae
1722 2166 1755 2194 in
1771 2166 1867 2195 lexico
1885 2167 2089 2200 iiueniuntur,

234 2225 400 2254 locutiones
420 2225 507 2254 facile
529 2225 729 2265 explicantur.

315 2294 328 2316 3
349 2293 417 2323 Non
443 2292 562 2327 dubito,
584 2294 662 2333 qujn
682 2292 843 2332 legendum
863 2293 901 2322 sit
923 2288 1006 2325 &Ul-
1030 2293 1103 2323 Male
1124 2294 1157 2323 in
1179 2294 1249 2323 Cod.
1272 2295 1414 2335 scriptum
1425 2301 1452 2324 et
1464 2296 1544 2336 typis
1556 2306 1725 2336 expressum
1738 2301 1779 2325 est
1794 2291 1876 2330 &ab
1899 2307 1956 2338 pro·
1977 2291 2087 2331 ίῴὺ.

316 2357 329 2379 4
350 2356 465 2386 Facetia
487 2357 521 2385 in
541 2366 575 2386 eo
600 2362 653 2393 est,
671 2356 752 2396 quod
776 2357 921 2385 desertum
941 2362 970 2386 et
990 2357 1143 2397 refuqium
1165 2358 1266 2388 eodem
1289 2360 1322 2388 in
1342 2359 1450 2399 lingua
1472 2360 1600 2390 Arabica
1623 2360 1767 2389 vocabulo
1789 2360 2007 2400 significantur.

319 2427 331 2447 5
353 2425 392 2454 De
405 2424 462 2455 hac
473 2424 692 2465 significatione
708 2425 787 2454 verbi
811 2421 904 2477 μέ,
926 2426 950 2454 si
973 2425 1151 2455 attendimus
1179 2427 1312 2457 crebram
1336 2427 1489 2458 verborum
1516 2429 1623 2458 ultima
1647 2435 1654 2461 t
1678 2439 1746 2458 cum
1773 2430 1824 2463 iis,
1848 2440 1924 2469 quae
1952 2430 2088 2459 ultimam

236 2489 438 2519 semivocalem
458 2488 585 2524 habent,
606 2490 874 2529 permutationem,
895 2489 963 2518 satis
986 2494 1119 2521 constare
1143 2490 1264 2520 videtur.

1855 2559 1880 2589 A
1893 2561 1911 2589 2
