2415 2922
1112 191 1261 219 ᾖ9.-

259 301 356 333 quam
385 290 450 322 vidi
475 292 689 334 pulcrfflrem,
720 290 762 324 ita
789 299 823 324 ut
849 292 976 328 animus
1002 303 1091 324 meus
1117 302 1155 324 eo
1180 296 1360 334 caperetur.
1408 292 1550 335 Roganti
1579 291 1660 322 mihi
1691 303 1810 324 nomen
1836 291 1904 334 ejus
1934 291 2105 323 dixerunt:

259 358 317 390 Hic
354 365 400 390 est
433 359 593 395 nal-Hasan
624 360 757 391 ibn-'Ali
794 359 1046 391 »ibn-Abi-Talib
1083 361 1189 402 (super
1217 370 1268 392 eos
1302 359 1413 391 ambos
1453 359 1494 390 sit
1524 358 1634 400 salus).
1697 361 1785 391 Tunc
1820 359 1895 391 odio
1924 370 1999 402 erga
2033 370 2106 391 eum

258 425 410 469 impletus
434 426 536 459 invidi
557 427 642 468 Alio,
659 427 748 470 quod
771 426 867 458 talem
888 427 1024 459 haberet
1049 427 1166 459 filium.
1215 430 1253 460 Et
1271 428 1443 468 accedens,
1465 428 1513 459 An
1532 433 1567 458 tu
1589 438 1636 466 es⁷
1663 427 1814 469 inquam,
1836 426 1922 458 filius
1946 426 2007 458 filii
2024 426 2108 458 Aba·

258 493 421 525 Talibz'1?
475 494 671 538 Respondit:
712 496 780 538 Ego
816 506 887 527 sum
923 495 1009 527 filius
1046 495 1105 527 filii
1142 497 1221 539 ejus.
1286 497 1352 529 Vae
1379 495 1455 536 tibi,
1490 495 1648 538 inquam,
1689 495 1838 538 patrique
1877 496 1950 527 tuo!
1990 506 2107 538 eosque

259 562 411 594 conviciis
428 568 537 605 petere
563 562 680 605 incepi.
728 563 835 602 Quum
856 569 964 594 autem
983 563 1083 595 finem
1101 563 1262 595 fecissem:
1282 564 1382 603 Puto,
1400 562 1527 605 inquit,
1544 568 1576 594 te
1602 574 1669 595 esse
1688 562 1910 606 peregrinum.
1961 565 1999 594 Et
2023 574 2084 606 ego
2100 576 2105 594 z

258 628 417 670 maxime,
443 628 589 671 inquam.
644 629 734 662 Vade
761 629 862 673 igitur
895 641 1041 668 mecum,
1072 630 1198 672 inquit,
1237 636 1269 661 et
1303 630 1329 662 si
1364 641 1444 673 opus
1474 630 1536 662 tibi
1563 637 1610 662 est
1644 630 1845 671 deversorio,
1879 630 2046 662 devertere
2077 636 2107 662 te.

257 696 372 729 faciam
411 696 499 739 apud
540 708 613 738 me,
644 697 694 730 vel
727 697 752 729 si
773 698 928 741 pecunia⁷
955 704 987 730 te
1014 697 1185 741 adjuvabo,
1211 698 1261 729 vel
1284 697 1346 729 alia
1370 709 1415 736 re,
1436 708 1532 741 opem
1556 697 1616 729 tibi
1637 696 1750 730 feram.
1783 699 1822 730 Et
1843 708 1945 740 quum
1967 709 2109 729 reversus

257 765 298 796 ab
329 775 366 796 eo
395 775 495 796 essem
525 776 684 808 nusquam
724 772 882 798 terrarum
915 767 996 798 mihi
1026 777 1063 798 eo
1091 766 1263 810 quisquam
1301 767 1463 810 acceptior
1502 773 1585 808 erat,
1620 778 1727 810 neque
1764 767 1853 799 aliud
1887 767 1939 811 egi
1966 767 2111 810 cogitans

257 833 297 865 de
327 833 447 876 agendi
481 833 550 876 ejus
585 834 710 866 ratione
739 845 815 877 erga
852 845 920 874 me,
954 845 1090 877 meaque
1121 845 1197 878 erga
1235 846 1328 873 eum,
1366 846 1465 877 quam
1505 841 1542 866 ut
1571 834 1691 878 gratias
1719 834 1748 867 ei
1776 835 1950 875 haberem,
1978 834 2111 878 ipseque

258 901 382 945 pudore
399 901 613 934 suffunderer.
633 921 677 927 —
697 902 844 934 Narravit
866 903 1059 936 Abu-‘Omar
1079 903 1204 939 'Ahmad
1226 902 1516 939 'ibn-Mohammad
1538 902 1842 935 ibn—'Abd-Rabbih
1858 903 1870 924 ²
1891 903 1925 934 in
1943 902 2027 935 libro
2058 903 2112 934 al-

258 971 343 1013 ³qu2
370 970 538 1013 Mo=awijae
554 970 826 1014 ibn-'Abi-Sofjan
846 970 1022 1014 aliquando
1043 982 1115 1002 cum
1138 970 1231 1003 sociis
1251 970 1315 1002 suis
1337 981 1518 1002 consessum
1538 970 1649 1014 agenti
1670 970 1883 1002 nuntiabatur
1897 971 2112 1008 ·al-Hasanum

260 1045 343 1070 stare
370 1039 412 1070 ad
436 1038 531 1071 fores.
558 1041 597 1070 Et
619 1038 787 1081 Mo=awijat
814 1038 890 1079 Hic,
917 1038 1042 1081 inquit,
1068 1038 1093 1069 si
1120 1038 1160 1069 ad
1183 1049 1240 1070 nos
1266 1038 1382 1077 intrat,
1406 1049 1587 1071 consessum
1611 1044 1756 1071 nostrum
1782 1039 1936 1071 turbabit.
1974 1041 2112 1071 Marwan

260 1117 332 1139 vero
357 1106 608 1142 ibno-l-Hakam
635 1106 735 1138 dixit:
762 1105 906 1138 Admitte
937 1117 1011 1138 eum
1045 1112 1077 1137 et
1111 1116 1171 1149 ego
1202 1117 1275 1137 eum
1303 1117 1339 1138 ea
1366 1105 1506 1149 rogabo,
1532 1105 1652 1149 quibus
1675 1107 1870 1150 respondere
1896 1118 1962 1140 non
1981 1108 2110 1151 poterit.

260 1174 317 1207 Cui
340 1174 508 1218 Mozawija:
541 1176 611 1206 Non
636 1173 750 1212 facies,
781 1173 904 1217 inquit:
930 1174 994 1206 illis
1021 1173 1108 1206 enim
1133 1172 1207 1205 viris
1232 1173 1327 1205 verba
1352 1173 1443 1216 quasi
1468 1173 1677 1217 inspirantur.
1727 1176 1841 1218 ltaque
1867 1175 1998 1208 admisit
2024 1187 2111 1208 eum.

258 1244 366 1283 Quum
403 1247 511 1274 autem
548 1241 697 1273 intrasset
732 1247 764 1274 et
808 1241 1003 1274 consedisset
1039 1241 1122 1273 dixit
1162 1241 1191 1273 ei
1231 1242 1370 1273 Marwan
1411 1241 1686 1278 -ibno-l—Hakam:
1727 1241 1797 1275 Cito
1838 1242 1948 1286 attigit
1980 1243 2115 1276 canities

259 1317 433 1355 mystacem
472 1317 580 1350 tuam,
618 1312 759 1347 Hasane!
790 1310 910 1342 Dicunt
931 1311 994 1343 hoc
1020 1311 1092 1343 fieri
1121 1323 1157 1343 ex
1186 1311 1387 1355 stupiditate.
1442 1313 1513 1345 Non
1541 1312 1586 1344 sie
1617 1318 1679 1351 est,
1720 1312 1828 1355 inquit
1865 1312 2042 1353 abl-lasau,
2081 1320 2115 1345 ut

258 1379 316 1411 tibi
354 1379 516 1422 perlatum
552 1385 614 1411 est:
659 1378 715 1411 sed
754 1378 857 1411 tribus
892 1379 1136 1411 Hasim-itarum
1170 1391 1224 1412 ore
1264 1387 1310 1412 est
1341 1380 1425 1412 bene
1448 1381 1555 1413 olente
1589 1387 1622 1413 et
1657 1381 1807 1413 dulcibus
1841 1381 1958 1422 labris,
1993 1382 2115 1416 mulie—

258 1458 372 1489 resque
400 1453 526 1479 nostrae
559 1453 673 1490 sponte
698 1458 755 1479 nos
785 1447 971 1479 osculantur
1005 1454 1037 1479 et
1067 1458 1126 1490 per
1160 1458 1214 1479 se:
1252 1458 1304 1479 vos
1338 1459 1428 1489 vero,
1452 1448 1556 1480 tribus
1587 1448 1873 1491 'Omaija—darum,
1899 1449 2004 1494 gravis
2026 1450 2115 1483 vobis

257 1520 306 1546 est
330 1514 394 1546 oris
418 1513 532 1554 foetor,
552 1514 595 1546 ita
619 1520 654 1546 ut
679 1520 799 1546 vestrae
825 1514 977 1548 mulieres
999 1526 1053 1548 ora
1079 1521 1110 1547 et
1129 1515 1220 1547 labra
1242 1527 1297 1547 sua
1324 1515 1366 1547 ad
1388 1522 1534 1560 tempora
1561 1523 1661 1549 vestra
1686 1523 1853 1549 avertant:
1879 1517 1963 1549 hanc
1985 1523 2113 1549 tantum

258 1583 299 1615 ob
322 1593 450 1614 causam
469 1593 567 1615 canus
582 1583 619 1614 fit
643 1582 737 1615 nobis
761 1582 849 1615 locus
871 1584 1022 1628 mystacis
1044 1590 1077 1616 et
1098 1584 1216 1617 barbae
1238 1595 1408 1627 genarum.
1433 1584 1521 1616 Dixit
1544 1586 1701 1616 Marwan:
1720 1585 1781 1619 Vel
1798 1585 1895 1617 etiam
1908 1596 1966 1628 per
1981 1596 2113 1629 pravam

259 1649 296 1681 fit
328 1656 487 1691 vestram,
519 1649 725 1689 Hasim-itae‚
759 1649 918 1683 indolem.
967 1652 1133 1691 Quaenam
1164 1657 1211 1683 est
1241 1651 1322 1683 illa?
1356 1651 1474 1695 inquit.
1509 1651 1606 1684 Dixit:
1633 1652 1747 1685 Libido
1778 1663 1925 1685 venerea.
1956 1652 2111 1693 Maxime,

259 1717 384 1761 inquit:
409 1717 563 1762 migravit
590 1717 693 1750 libido
720 1729 853 1751 venerea
872 1730 890 1750 e
915 1719 1108 1752 mulieribus
1140 1719 1255 1752 nostris
1286 1725 1318 1752 et
1346 1719 1502 1752 concessit
1532 1719 1565 1751 in
1592 1719 1675 1752 viros
1700 1726 1843 1760 nostrOS,
1873 1720 1929 1752 sed
1960 1720 2114 1764 migravit

257 1785 361 1818 libido
380 1796 513 1817 venerea
532 1797 549 1818 e
568 1785 643 1818 viris
658 1786 768 1818 vestris
790 1792 822 1818 et
844 1786 1001 1819 concessit
1018 1787 1052 1819 in
1073 1787 1224 1820 mulieres
1247 1793 1364 1820 vestras
1377 1799 1384 1820 :
1399 1793 1431 1820 et
1444 1787 1565 1820 nullius
1581 1788 1678 1831 pretii
1692 1795 1739 1820 est
1754 1788 1965 1831 'Omaija-dae
1982 1789 2111 1822 mulieri

258 1852 319 1885 nisi
343 1853 390 1884 vir
411 1853 592 1885 Hasim-ita.
618 1854 711 1887 Hisce
731 1854 831 1887 iratus
851 1855 1000 1898 M0=5wija
1012 1855 1112 1887 dixit:
1126 1855 1274 1888 Praedixi
1296 1855 1450 1898 equidem
1473 1855 1577 1894 vobis,
1602 1855 1659 1889 sed
1681 1855 1796 1890 audire
1818 1856 1985 1895 noluistis,
2008 1857 2112 1890 donec

258 1921 413 1954 audiretis
447 1921 611 1964 quomodo
650 1922 796 1966 increpet
836 1922 996 1955 familiam
1031 1930 1169 1956 vestram
1195 1930 1227 1956 et
1260 1924 1431 1956 conturbet
1465 1935 1647 1957 consessum
1671 1930 1821 1958 vestrum.
1881 1924 1968 1957 Exiit
2003 1932 2109 1958 autem

258 1988 418 2025 abl-lasau
443 1988 557 2032 (gratia
581 1989 638 2021 Dei
663 1989 704 2022 sit
727 2001 824 2033 super
847 1992 952 2033 eum),
977 1991 1106 2025 dicens:

339 2104 566 2143 Quinquaginta
588 2104 723 2144 quinque
742 2104 799 2134 hae
819 2114 884 2134 mea
905 2107 964 2134 vita
987 2106 1066 2135 bona
1087 2117 1136 2146 spe
1158 2109 1409 2148 peregrinationes
1432 2109 1468 2137 de
1490 2118 1570 2137 anno
1587 2101 1624 2137 in
1647 2118 1761 2138 annum
1783 2119 1848 2138 sum
1870 2119 2026 2148 aggressus,

339 2172 438 2212 Neque
460 2178 560 2201 tamen
582 2173 615 2202 in
639 2173 752 2202 mundo
775 2175 858 2214 attigi
881 2176 981 2216 opima
1003 2176 1074 2216 ejuS,
1096 2187 1192 2217 neque
1212 2178 1344 2206 lucratus
1367 2187 1430 2205 sum
1453 2176 1670 2206 abundantiam
1692 2178 1764 2217 ejus,
1785 2178 1866 2217 quod
1889 2178 2062 2218 cupiebam:

339 2243 464 2282 Jamque
486 2242 616 2270 celeriter
637 2243 772 2272 extendit
793 2243 830 2272 acl
852 2254 898 2273 me
920 2245 1014 2273 fatum
1035 2255 1142 2275 manus
1163 2256 1239 2283 suas,
1262 2251 1393 2286 putoque
1420 2256 1465 2274 me
1486 2256 1543 2275 esse
1567 2246 1795 2286 oppigneratam
1816 2246 1903 2275 morti
1926 2247 2108 2287 inopinatae.

340 2406 352 2426 1
374 2403 481 2433 Nullus
502 2403 608 2433 dubito
626 2405 701 2444 quin
722 2404 754 2432 in
774 2409 857 2433 textu
875 2403 1001 2433 Arabico
1020 2405 1162 2434 exciderit
1184 2419 1239 2452 ω
1265 2402 1341 2448 &2-

341 2472 354 2494 ²
375 2467 529 2501 ‘lbn-Call.
540 2482 568 2513 p.
579 2477 631 2506 φῆ,
645 2477 674 2502 et
687 2473 778 2502 versio
790 2472 917 2513 Angl-P·
927 2472 966 2502 94
986 2479 1031 2502 11⁰.
1043 2473 1068 2502 l:
1078 2478 1211 2503 mortuus
1223 2479 1264 2503 cst
1274 2484 1354 2503 anno
1366 2474 1437 2504 328:
1454 2476 1521 2504 vide
1535 2477 1719 2517 etiam-‚Sacye
1735 2477 1844 2506 Chrest.
1852 2478 1906 2506 Ar.
1918 2479 1941 2512 Ι,
1951 2490 1978 2518 p.
1987 2477 2055 2511 398,
2068 2490 2108 2519 sq.

1909 2545 1932 2575 B
