2415 2922
1148 210 1320 240 „20—

316 326 406 346 suum
440 324 552 346 uxores
577 324 648 345 suas
682 312 803 356 eligere
827 312 975 355 juberet,
1010 311 1099 343 hunc
1129 310 1189 343 sibi
1222 311 1355 344 dixisse:
1389 312 1502 343 Utrum
1534 311 1637 343 Deum
1667 317 1700 343 et
1724 311 1869 355 legatum
1895 314 1963 356 ejus
1989 313 2153 357 vitamque

317 388 480 414 aeternam
509 379 620 424 eligis,
645 391 686 412 an
707 386 897 412 ornamenta
921 385 954 411 et
979 378 1079 410 vitam
1105 377 1328 410 mundanam?
1372 379 1411 409 Se
1434 388 1508 410 vero
1525 377 1746 421 respondisse:
1771 378 1854 410 Deus
1878 379 2008 422 ejusque
2029 380 2154 424 legatus

318 448 399 481 mihi
421 448 525 491 magis
546 454 621 480 suut
641 447 762 491 accepti
791 453 822 479 et
841 446 905 478 vita
926 452 1068 478 aeterna.
1115 448 1195 477 Tum
1225 457 1259 478 se
1288 445 1423 478 dixisse:
1454 445 1631 489 Elegistine
1651 446 1718 489 jam
1751 444 1847 477 aliam
1874 452 1949 478 ante
1975 446 2051 479 me?
2086 448 2153 479 Non

318 517 379 550 feci
401 527 475 549 eum
497 515 626 556 dixisse,
638 522 670 547 et
683 525 784 557 quum
803 520 932 558 rogaret
951 525 992 546 nc
1011 513 1108 546 etiam
1127 513 1224 545 aliam
1242 512 1392 556 eligeret,
1413 513 1515 545 Deum
1533 524 1565 545 se
1583 513 1726 557 legatum
1744 512 1877 555 misisse,
1891 513 1947 555 qui
1964 513 2153 554 minaretur,

318 595 383 617 non
399 583 455 626 qui
474 589 603 615 noceret
617 584 637 614 ¹.
654 601 697 606 —
713 583 820 622 Quum
841 580 1026 612 nuntiatum
1046 586 1127 613 esset
1142 577 1239 624 {yse-ie
1257 580 1406 613 homines
1425 581 1580 623 quosdam
1597 580 1748 613 conviciis
1765 588 1874 625 petere
1887 581 2103 614 'Abu-Bacrum
2125 588 2156 614 et
2189 602 2193 607 -

316 652 474 683 'Omarum
496 650 615 691 (ambos
638 655 744 693 gratos
766 648 887 680 habeat
909 647 1004 690 Deus)
1027 647 1126 679 dixit:
1151 646 1183 680 Si
1205 649 1288 680 Deus
1312 648 1431 692 agendi
1455 647 1584 680 illorum
1606 647 1765 680 rationem
1790 648 1903 690 tollat,
1927 659 2020 692 spero
2047 655 2155 681 tamen

319 730 393 750 eum
416 729 480 750 non
499 729 564 750 esse
588 716 789 748 sublaturum
810 716 907 759 hujus
928 715 1234 748 remunerationem.
1254 733 1291 738 —
1308 716 1433 759 Rogata
1453 715 1584 758 quando
1606 715 1689 747 male
1710 721 1822 758 ageret
1837 715 1948 756 homo,
1970 715 2154 758 respondit:

319 786 454 827 Quando
476 785 558 817 bene
582 796 614 816 se
637 795 733 828 agere
759 790 862 827 putat.
884 803 921 808 —
935 784 1022 816 Dixit
1041 783 1163 816 Moslim
1184 783 1361 819 ‘ibn-Dara:
1389 785 1522 826 Semper
1544 782 1688 825 iniquam
1714 782 1893 814 existimavi
1919 781 2028 826 ‘Kysa-im
2052 794 2153 825 quum

319 854 442 886 diceret
465 852 611 885 Profetae
633 851 691 884 Dei
716 851 900 895 (benedicat
926 852 953 883 ei
978 852 1058 884 Deus
1077 851 1172 895 eique
1196 851 1332 883 salutem
1355 850 1442 893 det):
1467 850 1506 884 Vi
1534 862 1571 882 ac
1593 850 1752 883 beneficio
1771 850 1848 891 Dei,
1875 861 1939 882 non
1965 858 2035 889 tua;
2054 850 2156 883 donec

319 932 479 965 rogassem
497 920 699 955 Abii-zaram
720 920 922 958 ·ar-Razium‚
949 918 1038 962 isque.
1056 918 1138 950 mihi
1161 918 1307 951 dixisset:
1334 917 1429 950 Dedit
1444 917 1574 949 laudem
1594 917 1743 949 merenti.
1758 938 1795 940 —
1812 917 1898 949 Dixit
1917 915 1995 962 'Kysa
2019 918 2156 961 (gratam

319 999 388 1020 eam
410 987 528 1019 habeat
552 986 647 1029 Deus)
675 981 800 1017 Causae
817 986 845 1018 22
873 987 936 1017 Cur
955 986 1086 1027 §lac-rum
1116 991 1283 1028 tantopere
1315 983 1486 1028 deploras?
1512 994 1576 1016 nou
1607 990 1654 1016 est
1685 983 1772 1016 enim
1798 983 1860 1016 nisi
1884 984 1980 1016 carbo
2009 983 2040 1016 in
2068 984 2155 1028 igne.

319 1057 386 1087 Hoc
410 1054 536 1097 ipsum,
554 1053 678 1096 inquit,
705 1052 980 1085 vehementiorem
1009 1063 1116 1084 meum
1141 1052 1182 1084 de
1206 1063 1244 1085 eo
1267 1053 1411 1086 dolorem
1432 1052 1550 1085 reddit.
1569 1071 1609 1077 —
1630 1053 1833 1095 Interrogata
1856 1062 1935 1083 num
1958 1051 2085 1095 legatus
2101 1052 2158 1084 Dei

319 1121 504 1162 (benedicat
529 1120 558 1153 ei
579 1122 676 1161 Deus,
701 1119 796 1162 eique
819 1119 954 1150 salutem
983 1118 1050 1160 det)
1077 1118 1252 1161 aliquando
1273 1121 1399 1163 jocatus
1423 1121 1527 1152 esset?
1551 1119 1697 1160 Maxime,
1718 1120 1836 1162 inquit.
1870 1122 1957 1152 Anus
1986 1121 2158 1162 quaedam,

320 1200 403 1231 quae
425 1188 512 1231 apud
534 1199 584 1220 me
606 1195 685 1229 erat,
704 1199 806 1231 quum
834 1188 970 1220 intraret
988 1188 1113 1231 legatus
1138 1187 1195 1219 Dei
1221 1187 1405 1231 (benedicat
1429 1187 1459 1220 ei
1482 1188 1565 1219 Deus
1587 1187 1681 1230 eique
1703 1187 1836 1219 salutem
1857 1187 1938 1229 det),
1964 1187 2041 1219 huie
2059 1187 2158 1219 dixit:

321 1258 383 1288 Ora
400 1257 502 1288 Deum
517 1262 553 1288 ut
568 1267 620 1288 me
635 1255 774 1289 incolam
790 1255 887 1287 faciat
902 1255 1055 1298 paradisi.
1087 1255 1284 1295 Paradisum,
1305 1254 1412 1297 inquit
1427 1254 1491 1293 ille,
1508 1265 1573 1287 non
1590 1254 1712 1286 intrant
1727 1266 1816 1287 anus.
1850 1256 1939 1286 Tunc
1958 1255 2159 1287 vocationem

323 1323 363 1354 ad
387 1334 498 1366 preces
521 1323 656 1355 audiens
682 1323 779 1362 exiit,
805 1330 837 1356 et
859 1329 1021 1356 revertens
1044 1334 1145 1365 quum
1170 1334 1250 1355 anus
1275 1322 1383 1363 fleret,
1409 1321 1495 1362 Quid
1518 1321 1548 1354 ei
1576 1321 1647 1354 est?
1671 1321 1788 1365 inquit.
1824 1321 2073 1365 Responderunt
2092 1322 2159 1354 ho-

321 1391 440 1423 mines:
469 1390 581 1422 Dixisti
604 1390 634 1423 ei
664 1391 850 1434 paradisum
877 1402 941 1423 non
969 1391 1089 1422 intrare
1111 1397 1201 1422 anus.
1243 1391 1342 1431 Deus,
1366 1389 1490 1432 inquit,
1518 1389 1731 1422 commutabit
1756 1401 1825 1430 eas,
1854 1396 1890 1422 ut
1913 1389 1976 1421 sint
2000 1390 2160 1434 virgines,

320 1457 452 1490 dilectas
477 1469 493 1488 a
521 1457 715 1501 conjugibus
738 1464 770 1489 et
796 1457 942 1499 ejusdem
971 1464 1067 1499 atque
1091 1457 1125 1488 hi
1147 1456 1260 1489 aetatis
1286 1457 1308 1487 3.
1328 1475 1372 1480 —
1397 1458 1471 1488 Erat
1491 1456 1577 1500 apud
1600 1455 1710 1501 ²5&me
1727 1457 1832 1489 discus
1854 1469 1999 1498 uvarum,
2022 1468 2158 1500 quarum

321 1536 418 1556 unam
439 1525 604 1557 accedenti
624 1525 774 1557 mendico
796 1525 896 1557 dedit.
942 1524 1140 1558 Ridentibus
1159 1530 1266 1556 autem
1293 1523 1499 1565 mulieribus,
1522 1535 1605 1566 quae
1631 1525 1719 1568 apud
1743 1536 1813 1556 eam
1835 1531 1943 1556 erant:
1970 1524 2161 1565 Multarum,

322 1591 447 1635 inquit,
472 1591 715 1624 formicularum
748 1592 893 1635 pondera
921 1592 955 1623 in
982 1603 1018 1624 ea
1052 1598 1142 1630 sunt,
1171 1601 1267 1633 quam
1298 1590 1433 1631 videtis,
1457 1601 1516 1621 uva
1542 1591 1565 1621 4.
1594 1609 1636 1613 —
1660 1592 1787 1622 Intrans
1815 1591 1855 1622 ad
1883 1588 1994 1635 &ysam
2022 1592 2159 1635 (gratam

321 1670 391 1691 eam
417 1660 535 1692 habeat
557 1660 653 1702 Deus)
684 1660 839 1696 'em-'Asa
861 1659 1041 1702 ·al-²Abdija‚
1067 1660 1164 1690 Mater
1194 1657 1415 1698 credentium,
1446 1657 1569 1700 inquit,
1594 1657 1674 1700 quid
1704 1669 1812 1690 censes
1834 1658 1875 1691 de
1899 1658 2053 1700 muliere,
2078 1670 2163 1701 quae

321 1725 426 1758 filium
456 1725 629 1768 quemdam
661 1737 754 1758 suum
785 1726 953 1770 parvulum
982 1724 1202 1757 interfecerit?
1233 1724 1360 1768 Digna,
1380 1723 1502 1767 inquit,
1528 1731 1575 1756 est
1597 1723 1685 1768 igne.
1709 1725 1771 1757 Sed
1792 1725 1873 1768 quid
1896 1736 2020 1766 censes,
2043 1725 2163 1768 inquit,

321 1794 362 1826 de
387 1794 537 1836 muliere,
563 1806 646 1838 quae
677 1794 877 1827 interfecerit
908 1794 1024 1838 viginti
1061 1792 1163 1825 millia
1195 1791 1339 1825 filiorum
1374 1802 1504 1824 suorum
1540 1791 1750 1824 adultorum?
1786 1792 1999 1833 Prehendite,
2038 1792 2163 1835 inquit,

322 1873 454 1895 manum
482 1862 671 1894 inimicitiae
697 1862 790 1894 Dei5!
816 1883 859 1886 -
879 1860 959 1906 *Kysa
986 1862 1124 1906 (gratam
1147 1872 1218 1893 eam
1244 1859 1365 1892 habeat
1387 1859 1483 1902 Deus)
1504 1884 1511 1901 ,
1543 1870 1645 1902 quum
1668 1856 1794 1892 'Otman
1817 1859 1961 1892 obsessus
1983 1867 2162 1901 teneretur,

322 1930 446 1966 Medma
469 1929 611 1973 profecta
640 1937 707 1962 erat
732 1936 768 1961 ut
798 1941 918 1962 sacram
951 1928 1246 1973 peregrinationem
1278 1932 1459 1971 perageret.
1506 1928 1572 1958 Hac
1605 1938 1642 1958 ex
1666 1926 1929 1970 peregrinatione
1954 1927 2009 1958 illa
2037 1927 2164 1959 rediens

323 2008 423 2039 quum
458 2004 538 2030 esset
569 1996 672 2037 Sarfz',
696 1996 752 2039 qui
784 1996 873 2028 locus
905 2003 951 2028 est
976 1995 1113 2039 sepulcri
1144 1994 1341 2035 Maimnnae,
1375 1993 1481 2026 uxoris
1510 1993 1655 2038 profetae
1687 1993 1873 2037 (benedicat
1900 1994 1927 2026 ei
1959 1995 2042 2026 Deus
2070 1994 2165 2036 eique

404 2166 413 2185 ¹
436 2164 518 2193 Deest
538 2164 616 2192 verbi
641 2161 711 2214 &Ka
734 2163 827 2192 forma
849 2163 867 2192 4
884 2164 917 2192 iu
937 2163 1051 2193 Lexico.

402 2231 414 2250 2
435 2232 474 2260 De
495 2231 549 2260 hac
571 2237 599 2260 et
617 2232 704 2261 fratre
726 2233 787 2272 ejus
810 2232 906 2269 Caeso,
926 2232 983 2261 vid.
997 2232 1032 2261 de
1049 2233 1132 2272 Sacy,
1155 2232 1219 2261 Chr.
1232 2233 1339 2266 Arah„
1359 2233 1440 2270 v.11,
1459 2243 1490 2273 p.
1505 2232 1615 2267 413‚et
1627 2232 1755 2272 ejusdcm
1771 2231 1889 2260 Antlcol.
1909 2232 2036 2260 ὒναηιηι,
2054 2244 2082 2271 p.
2098 2231 2163 2261 139.

401 2301 413 2319 5³
435 2300 475 2329 Cf.
494 2302 559 2336 Qor.
583 2301 716 2329 LVI:36.
741 2301 815 2330 Haec
835 2302 967 2330 narratio
986 2301 1107 2330 aliunde
1128 2301 1215 2330 ctiam
1234 2300 1386 2329 notissima
1408 2306 1459 2329 cst.

404 2369 415 2389 4
437 2368 471 2396 Et
497 2379 534 2397 ne
568 2379 659 2397 unum
690 2369 810 2408 quidem
837 2369 953 2408 pondus
980 2369 1071 2397 Deum
1095 2368 1179 2397 latet:
1211 2369 1276 2405 Qor.
1294 2369 1333 2397 X:
1357 2368 1412 2405 62,
1445 2368 1575 2397 XXXIV:
1597 2367 1626 2398 3.
1655 2384 1693 2389 —
1721 2367 1757 2396 In
1783 2368 1832 2401 iis,
1867 2378 1942 2407 quae
1973 2369 2006 2396 in
2029 2366 2162 2397 Arabicis

325 2437 504 2471 sequuntur,
527 2442 619 2470 quum
639 2432 783 2472 quaedam
801 2433 861 2461 sint
881 2443 958 2473 quae
978 2433 1113 2461 nondum
1131 2432 1205 2461 bene
1226 2441 1272 2460 me
1290 2431 1453 2471 intelligere
1469 2431 1568 2465 fateor,
1585 2436 1676 2460 totam
1693 2431 1892 2461 narrationem
1908 2431 2039 2460 omittere
2058 2430 2160 2458 malui.

404 2496 416 2516 5
438 2495 593 2534 Consugite
615 2495 650 2524 ad
673 2495 778 2533 Deum,
801 2501 833 2524 ut
853 2495 903 2525 hic
922 2497 995 2525 iram
1014 2503 1115 2526 contra
1134 2507 1197 2525 eam
1220 2501 1358 2526 exerceat.
