2415 2922
1069 218 1238 248 -17ῃ

354 320 449 349 Senex
470 330 533 348 non
555 319 699 359 relinquit
720 328 814 347 mores
835 327 900 346 suos
922 317 1017 345 donec
1039 316 1194 357 obtegatur
1215 318 1334 358 pulvere
1357 320 1401 348 sui
1424 319 1566 359 sepulcri3

354 384 562 423 Ignorantiam
586 385 594 405 1
610 383 762 423 deponens
775 381 813 410 ad
828 381 915 410 illam
930 386 1029 410 tamen
1042 381 1131 415 redit,
1147 381 1401 422 quemadmodum
1421 388 1554 423 aegrotus
1571 382 1675 412 recidit
1687 384 1719 412 in
1738 382 1875 412 morbum
1889 382 2065 412 recidivum.

321 524 411 565 Dixi,
446 522 570 566 inquit,
604 520 758 564 Princeps
789 518 1004 552 credentium.
1061 520 1193 562 Itaque,
1223 520 1331 563 inquit
1358 520 1537 562 ·al-Mahdi‚
1570 521 1596 553 si
1630 527 1663 553 tu
1696 532 1763 554 non
1790 521 1954 564 relinques
1984 532 2088 554 mores

234 599 326 633 tuOS,
350 603 407 625 nos
431 601 561 634 quoque
583 588 696 621 mortis
719 594 795 620 tuae
821 587 1018 620 sententiam
1041 586 1194 619 feremus.
1250 586 1376 618 Deinde
1401 586 1670 630 comprehensus,
1703 587 1891 621 interfectus
1905 613 1914 626 ,
1937 589 2088 633 crucique

194 672 198 675 ·
233 660 348 692 affixus
374 665 421 691 est
449 658 542 701 juxta
576 662 721 700 pontem.
755 676 794 679 ——
828 655 892 687 Alii
918 662 1053 687 narrant
1079 666 1187 687 versus
1213 654 1385 687 nonnullos
1409 655 1477 698 ejus
1505 655 1547 686 ad
1577 655 1791 688 ·al—Mahdium
1821 656 2025 700 pervenisse,
2055 657 2089 689 in

232 726 351 769 quibus
374 723 625 757 calumniaretur
646 722 804 766 profetam
825 722 1009 767 (benedicat
1031 722 1060 755 ei
1080 723 1175 763 Deus,
1198 722 1294 765 eique
1313 722 1450 754 salutem
1470 721 1547 764 det),
1566 728 1598 755 et
1618 723 1707 756 hunc
1729 723 1822 756 illum
1842 724 2041 757 arcessivisse
2059 731 2089 756 et

232 792 367 824 dixisse:
396 793 447 823 An
469 796 504 823 tu
527 790 586 823 hos
609 801 717 822 versus
738 789 967 833 composuisti?
996 791 1055 822 Per
1079 791 1199 831 Deum,
1224 789 1317 821 illum
1341 789 1476 830 dixisse,
1498 801 1563 823 non
1586 790 1664 832 feci,
1689 791 1841 836 Princeps
1867 793 2088 834 credentium,

233 870 342 902 neque
367 858 443 891 dedi
469 857 589 890 socium
610 859 677 890 Deo
702 868 744 890 ne
762 869 865 890 unum
889 858 1023 901 quidem
1046 857 1202 901 temporis
1224 863 1444 890 momentum:
1470 859 1573 889 Deum
1597 858 1686 890 enim
1712 859 1822 892 timeo.
1863 861 1909 892 Tu
1931 871 2024 902 vero,
2050 873 2090 893 ne

233 927 383 960 effundas
395 926 588 970 sanguinem
600 937 708 958 meum
727 925 761 958 in
782 937 816 958 re
837 925 949 958 dubia.
982 927 1129 968 Namque
1151 924 1235 957 dixit
1254 924 1378 968 profeta
1397 924 1581 966 (benedicat
1597 924 1627 957 ei
1644 926 1747 965 Deus,
1759 925 1855 970 eique
1869 926 2005 960 salutem
2024 927 2091 970 det)

234 994 336 1028 nolite
360 994 394 1026 in
419 994 514 1026 rebus
546 993 654 1025 dubiis
690 994 725 1025 in
755 993 899 1036 aliquem
930 993 1199 1025 animadvertere.
1252 994 1332 1024 Tum
1359 992 1482 1035 incepit
1506 992 1536 1024 ei
1566 992 1754 1037 praelegere
1775 995 1961 1034 Qoranum,
1988 995 2092 1028 donec

235 1061 459 1095 misericordia
482 1067 587 1095 motus
610 1061 793 1094 libertatem
820 1061 928 1105 §alit-10
948 1061 1082 1094 concedi
1103 1060 1245 1103 juberet.
1270 1062 1391 1094 Verum
1417 1070 1519 1103 quum
1545 1071 1578 1092 se
1602 1060 1823 1094 convertisset:
1848 1062 1961 1095 Recita
1988 1063 2086 1104 mihi,

237 1129 356 1172 inquit,
380 1128 525 1172 qacidam
550 1134 640 1160 tuam
661 1134 786 1160 siniam.
823 1127 919 1168 Quod
940 1127 996 1159 ille
1022 1126 1142 1159 faciens
1163 1132 1196 1158 et
1219 1126 1409 1170 perveniens
1435 1126 1477 1158 ad
1500 1125 1595 1158 verba
1618 1138 1692 1159 sua:
1718 1129 1821 1160 Senex
1847 1139 1913 1161 non
1935 1129 2093 1174 relinquit

236 1207 342 1229 mores
375 1207 468 1234 suos,
499 1196 540 1228 ad
569 1201 707 1228 mortem
731 1194 839 1231 califae
866 1195 958 1239 jussu
981 1194 1098 1226 ductus
1123 1200 1181 1226 est.
1203 1213 1246 1218 —
1270 1195 1360 1226 Inter
1384 1193 1517 1237 qacidas
1543 1192 1649 1237 §alil-iz·
1674 1195 1790 1239 hujus,
1819 1207 1904 1239 quae
1930 1197 2093 1231 habentur

236 1263 493 1307 pulcherrimae,
518 1263 632 1307 qacida
655 1269 720 1304 est,
746 1263 838 1307 eujus
861 1262 924 1295 boc
947 1268 993 1294 est
1016 1261 1166 1294 initium:

278 1401 371 1428 Homo
394 1399 510 1439 colligit
530 1405 559 1428 et
580 1405 695 1440 tempus
716 1398 884 1433 distribuit,
906 1399 1044 1439 idemque
1065 1408 1176 1439 semper
1197 1398 1316 1427 resarcit
1337 1409 1412 1438 quae
1434 1409 1516 1428 casus
1537 1399 1711 1429 dilacerant.

277 1469 410 1498 Pondera
431 1468 519 1497 verba
541 1475 592 1498 tua
614 1467 665 1497 ubi
688 1468 832 1508 loqueris,
848 1479 919 1497 nam
939 1467 1090 1508 loquendo
1112 1467 1271 1496 hominum
1293 1467 1416 1506 ingenio
1436 1468 1636 1508 praeditorum
1657 1480 1766 1499 errores
1788 1477 1934 1510 apparent
1951 1472 1972 1500 2.

280 1537 354 1566 Sunt
368 1536 514 1572 homines,
531 1549 659 1578 quorum
682 1538 719 1567 ad
741 1539 943 1567 maturitatem
958 1538 1039 1567 venit
1060 1536 1237 1571 intellectus,
1260 1536 1313 1576 qui
1336 1536 1468 1566 innuant
1489 1542 1607 1567 tantum
1630 1537 1682 1567 ubi
1705 1539 1864 1569 consilium
1881 1540 1970 1571 abiis
1984 1543 2094 1582 petitur

397 1610 426 1633 et
447 1605 549 1634 oculos
570 1605 727 1645 dejiciant,

281 1673 378 1701 Donec
392 1683 635 1715 unamquamque
647 1686 708 1704 rem
721 1674 796 1704 benc
810 1680 989 1715 perspectam
1002 1673 1140 1711 habeant,
1154 1680 1183 1704 et
1197 1673 1315 1703 videant
1330 1680 1567 1714 cognoscantque
1585 1675 1659 1715 quid
1676 1675 1787 1710 dicant,
1802 1682 1830 1706 et
1845 1682 1907 1707 tum
1920 1677 2091 1717 loquantur.

242 1798 328 1829 Haec
352 1807 482 1840 quoque
507 1797 541 1830 in
565 1797 620 1830 illa
645 1798 873 1832 inveniuntur:

279 1877 417 1905 Homines
439 1877 555 1907 duobus
576 1879 716 1918 operariis
737 1885 808 1908 sunt
828 1879 947 1913 similes,
969 1889 1098 1919 quorum
1120 1878 1194 1907 alter
1215 1879 1340 1908 moritur
1360 1880 1424 1914 siti,
1447 1880 1521 1909 alter
1543 1890 1621 1920 aqua
1642 1880 1795 1920 mergitur.

278 1940 417 1969 Homines
439 1941 519 1970 victu
541 1943 711 1982 quaerendo
731 1944 869 1983 occupati
892 1948 975 1972 sunt:
997 1953 1068 1971 nam
1089 1942 1187 1972 studio
1209 1943 1244 1972 iis
1266 1954 1339 1984 opus
1360 1949 1402 1972 est
1423 1949 1457 1972 ut
1478 1944 1661 1973 nutriantur.

279 2005 307 2033 Si
330 2005 516 2034 nutrirentur
537 2005 672 2035 homines
694 2018 748 2047 pro
771 2007 894 2047 ingenio
916 2007 1014 2047 plures
1036 2006 1147 2036 videres
1168 2007 1272 2036 dantes
1292 2007 1507 2048 eleemosynas:

280 2068 335 2096 Sed
357 2067 540 2098 beneficium
561 2069 612 2099 Dei
635 2081 703 2110 erga
725 2081 772 2099 eos
793 2076 847 2100 est:
870 2069 928 2099 hoc
949 2076 991 2100 est
1012 2070 1093 2111 quod
1116 2070 1278 2111 ampliatur
1299 2076 1326 2100 et
1347 2071 1572 2100 comminuitur.

281 2132 310 2160 Si
334 2132 451 2162 obviam
473 2132 528 2162 sibi
551 2133 630 2163 fiunt
651 2135 740 2164 funus
762 2140 791 2164 et
811 2145 919 2175 sponsa
939 2140 968 2164 et
988 2135 1150 2163 mulierum
1169 2134 1380 2175 plangentium
1401 2135 1550 2175 lacrymas
1570 2145 1607 2164 cx
1629 2135 1716 2164 oculo
1737 2135 1883 2165 stillantes
1905 2135 2000 2171 vides,

280 2196 389 2226 Tacent
410 2198 462 2237 qui
485 2208 623 2238 sponsam
642 2204 808 2238 sequuntur
829 2198 1030 2239 obstupentes,
1052 2199 1125 2228 dum
1146 2209 1207 2236 eOS,
1227 2199 1280 2239 qui
1302 2198 1392 2228 sunus
1413 2204 1594 2239 sequuntur,
1616 2199 1771 2239 loquentes
1792 2199 1872 2229 vides
1893 2200 1914 2228 3.

323 2312 333 2332 ¹
356 2311 573 2350 Ignorantiam,
595 2311 824 2352 puto,opponit
843 2310 912 2340 fidei
935 2311 973 2341 cl.
994 2311 1147 2342 locutione
1170 2303 1334 2346 &QQL

321 2378 334 2399 2
356 2378 431 2407 Ante
452 2378 535 2408 hunc
556 2390 671 2408 versum
693 2379 832 2408 excidisse
854 2379 970 2408 videtur
992 2374 1111 2430 Q),
1134 2385 1163 2409 et
1184 2391 1249 2434 ω),
1274 2389 1332 2409 esse
1353 2379 1548 2420 Imperativus
1569 2379 1709 2420 poeticus.

323 2444 336 2466 3
359 2445 465 2485 Ampla
482 2445 598 2485 legatur
619 2445 775 2485 descriptio
794 2455 919 2486 pompae
944 2445 1088 2486 nuptialis
1109 2442 1256 2502 (Quali
1276 2439 1342 2498 ἓξ)
1363 2445 1442 2485 apud
1466 2445 1560 2478 Lane,
1591 2445 1666 2475 Mod.
1688 2445 1874 2485 quptv‘ans,
1894 2447 1924 2484 1,
1946 2445 1993 2476 ch.
2016 2446 2050 2483 6,
2071 2452 2097 2475 et

241 2507 353 2537 rituum
375 2507 544 2538 funebrium
568 2508 623 2542 ib.,
643 2509 688 2542 ΙΙ,
710 2508 757 2538 ch.
780 2509 826 2538 15.

1901 2575 1923 2605 C

2165 815 2190 829 (11)
