2415 2922
1146 211 1321 241 -26-

309 318 447 361 praedae
480 324 511 349 et
541 318 594 360 jus
625 316 738 348 tributi
755 316 780 346 ί;
814 315 932 358 praeda
967 320 1014 346 est
1045 314 1125 357 ejus,
1149 313 1236 356 quod
1265 311 1472 355 diripuimus,
1498 312 1656 343 tributum
1680 311 1713 343 id
1735 312 1823 355 quod
1847 312 2046 356 collegimus,
2072 320 2104 345 et
2128 314 2152 345 si

310 385 435 417 nullum
453 384 487 416 in
502 384 586 415 hane
603 383 838 427 pecuniamjus
856 381 1050 413 haberemus
1065 392 1106 413 ne
1122 379 1278 423 ungulam
1295 379 1428 421 quidem
1445 379 1616 422 quisquam
1633 387 1777 411 nostrum
1794 385 1825 411 te
1839 378 1969 411 visitans
1985 380 2152 413 attulisset.

311 453 434 483 Satisne
463 451 546 490 dixi,
573 462 614 482 au
638 451 794 493 pergam?
831 449 914 481 Satis
934 454 999 488 est,
1024 447 1147 489 inquit:
1183 454 1283 490 tuque
1307 458 1347 479 ne
1368 446 1506 489 amplius
1535 445 1670 490 gannias
1695 457 1800 489 neque
1822 446 1927 478 latres.
1951 465 1982 469 -
2008 447 2156 479 Narravit

311 517 550 561 ›at-Madaynw:
579 518 657 549 ‘Amr
681 513 856 558 ibim-1439.
883 514 1038 547 nundinis
1063 513 1257 557 quibusdam
1280 513 1422 545 Arabum
1444 524 1613 556 assurgens
1636 515 1811 555 Moza-iwijam
1830 513 2103 557 ibn-'Abi-Sofjan
2125 521 2156 547 et

310 585 516 627 'Omaija-das
539 584 700 624 laudavit,
741 594 854 625 resque
879 593 951 615 suas
976 581 1090 624 (jiffinz'
1117 587 1220 625 gestas
1247 579 1448 612 memoravit.
1505 581 1586 611 Tum
1619 580 1817 613 ²Abdo-l-lz'1h
1851 580 2036 613 ·1'b11-Abbas
2069 593 2158 614 acce-

312 652 390 684 dens
433 652 580 695 (aderant
619 657 727 683 autem
754 649 958 691 Qoraisitae):
998 651 1098 690 Heus,
1131 649 1243 688 Amre,
1278 647 1402 690 inquit,
1437 647 1523 680 dono
1549 647 1740 691 religionem
1773 654 1804 680 et
1840 648 2034 691 probitatem
2067 655 2156 681 tuam

314 720 475 759 noa-iwijr-ie
508 718 683 751 vendidisti
719 718 814 760 eique
855 716 974 749 dedisti
1005 716 1093 759 quod
1126 716 1160 747 in
1188 726 1286 747 manu
1316 715 1467 756 haberes,
1498 715 1586 757 isque
1617 714 1676 746 tibi
1708 715 1849 747 decrevit
1874 716 1961 758 quod
1993 716 2027 748 in
2052 716 2157 748 aliena

312 799 409 819 manu
430 793 531 827 esset,
557 786 711 828 quodque
735 797 752 817 a
779 792 811 817 te
834 785 958 828 accepit
983 784 1055 828 plus
1077 784 1141 816 fuit
1167 794 1265 826 quam
1292 783 1343 821 id,
1368 782 1455 825 quod
1482 782 1541 814 tibi
1561 781 1672 822 dedit,
1694 788 1726 814 et
1750 783 1838 824 quod
1859 782 2009 826 accepisti
2035 783 2076 815 ab
2099 794 2156 822 eo,

311 856 418 887 minus
444 866 542 898 quam
566 854 621 894 id,
652 853 741 897 quod
763 853 791 886 ei
815 852 932 885 dedisti
951 853 980 884 3:
1010 851 1115 885 omnis
1143 857 1250 883 autem
1279 856 1447 883 contentus
1470 856 1517 881 est
1540 860 1577 882 eo
1602 849 1689 892 quod
1715 849 1838 893 aceepit
1863 861 1994 893 quoque
2019 851 2156 883 donatus

311 930 366 954 est.
423 924 530 962 Quum
563 932 637 953 vero
666 921 746 963 Μίςι·
778 920 810 952 in
840 919 1024 952 dominium
1062 925 1154 950 tuum
1188 917 1312 949 veniret
1345 916 1581 959 praefecturam
1615 916 1780 949 turbidam
1808 917 1867 949 tibi
1898 917 2041 950 reddidit
2065 918 2157 951 donis

311 989 459 1030 gratuitis
488 991 517 1031 (a
549 995 580 1020 te
608 987 738 1029 exactis)
767 987 903 1029 aliisque
928 986 1023 1019 rebus
1043 985 1196 1029 ingratis,
1224 990 1260 1016 ut
1283 983 1309 1016 si
1333 984 1475 1015 animani
1502 990 1588 1015 tuam
1615 983 1648 1016 in
1672 995 1770 1016 manu
1795 984 1960 1017 habuisses
1983 996 2053 1018 eam
2077 997 2156 1029 pro-

306 1058 443 1099 jecisses.
490 1055 672 1089 Memorasti
700 1067 749 1088 res
783 1061 887 1098 gestas
918 1061 988 1086 tuas
1025 1053 1139 1096 (Jiffinz'
1156 1054 1187 1093 4,
1213 1051 1285 1092 sed,
1317 1063 1375 1095 per
1403 1053 1520 1084 Deum!
1548 1051 1633 1094 nihil
1665 1052 1876 1085 memorabile
1898 1052 2002 1085 fecisti
2021 1053 2158 1085 nudita—

311 1130 440 1166 temque
476 1131 566 1156 tuam
606 1123 639 1155 in
674 1123 712 1154 iis
749 1122 908 1155 revelasti.
975 1123 1091 1165 Magna
1129 1132 1161 1153 es
1196 1120 1309 1164 lingua
1346 1119 1402 1151 sed
1428 1130 1524 1163 parva
1558 1119 1711 1162 cuspide,
1742 1125 1921 1163 postremus
1952 1120 2101 1163 equitum
2123 1120 2157 1152 in

311 1191 453 1234 impetu,
479 1191 603 1234 primus
626 1190 660 1222 in
683 1189 772 1233 suga.
820 1189 952 1221 Duabus
977 1188 1127 1220 manibus
1153 1199 1186 1220 es
1212 1186 1396 1231 praeditu5‚
1423 1197 1562 1229 quarum
1591 1198 1689 1218 unam
1718 1197 1784 1219 non
1818 1186 1960 1219 intendis
1985 1187 2027 1219 ad
2051 1188 2156 1226 bona,

310 1258 441 1290 alteram
474 1270 491 1290 a
518 1258 604 1291 malo
633 1269 698 1291 non
733 1257 896 1296 detrahis;
931 1257 1043 1301 lingua
1076 1267 1191 1300 prava,
1234 1255 1360 1288 duobus
1393 1254 1556 1296 vultibus,
1585 1253 1796 1286 contristante
1824 1264 1909 1295 uno,
1944 1254 2045 1287 altero
2071 1265 2156 1287 con-

311 1325 444 1358 solante.
502 1327 541 1356 Et
576 1336 668 1366 vero,
699 1336 756 1368 per
796 1326 916 1365 Deum,
959 1324 1015 1367 qui
1049 1323 1243 1367 religionem
1279 1333 1371 1354 suam
1404 1322 1520 1365 opibus
1555 1321 1730 1353 mundanis
1765 1321 1929 1362 vendidit,
1966 1332 2046 1364 quas
2077 1321 2158 1354 alter

311 1392 461 1434 praebet,
486 1391 605 1435 dignus
631 1392 685 1424 ille
711 1398 775 1430 est,
805 1391 896 1434 cujus
919 1391 1016 1435 longa
1040 1390 1081 1422 sit
1104 1390 1318 1434 poenitentia.
1352 1389 1513 1433 Linguam
1535 1389 1650 1429 habes,
1669 1389 1726 1422 sed
1746 1388 1846 1421 uteris
1862 1400 1897 1421 ea
1915 1389 1956 1421 ad
1976 1399 2156 1421 sermonem

311 1460 459 1500 sutilem,
487 1459 696 1502 prudentiam
718 1458 775 1491 sed
799 1458 884 1490 nihil
910 1458 1027 1498 efficis,
1054 1457 1154 1489 habes
1178 1463 1370 1501 potestatem
1393 1458 1450 1490 sed
1476 1468 1549 1489 eum
1583 1456 1705 1489 invidia
1734 1456 1957 1500 conjunctam:
1982 1455 2158 1488 minimum

310 1535 404 1560 tuum
430 1527 546 1560 vitium
571 1534 618 1560 est
642 1527 822 1559 maximum
845 1526 878 1559 in
902 1526 984 1558 aliis.
1007 1544 1045 1550 —
1072 1525 1160 1557 Dixit
1181 1524 1369 1557 ‘thu-Abhas
1395 1526 1536 1569 (gratum
1561 1536 1634 1557 eum
1659 1524 1779 1557 habeat
1796 1523 1908 1567 Deus):
1935 1524 2068 1556 Nullum
2091 1523 2159 1557 vidi

310 1596 433 1636 tirum,
462 1595 496 1627 in
526 1606 625 1638 quem
658 1594 856 1627 beneficium
889 1592 1103 1630 contulerim,
1134 1591 1213 1635 quin
1247 1593 1446 1626 consuetudo
1477 1598 1582 1625 nostra
1614 1599 1705 1636 grata
1729 1591 1848 1629 fuerit,
1871 1593 1930 1624 aut'
1951 1602 2048 1634 quem
2074 1591 2159 1623 malo

310 1662 472 1695 affecerint
487 1687 495 1702 ,
516 1662 597 1704 quin
618 1661 718 1693 fuerit
735 1661 874 1705 ingrata.
898 1680 935 1685 —
959 1660 1045 1692 Dixit
1072 1660 1188 1692 etiam:
1211 1660 1357 1700 Quatuor
1379 1666 1455 1692 sunt
1473 1659 1641 1701 homines,
1659 1670 1740 1702 quos
1756 1670 1962 1691 remunerare
1981 1669 2158 1701 nequeam:

311 1730 490 1771 hominem,
507 1730 562 1772 qui
587 1729 710 1772 primus
730 1740 783 1761 me
802 1728 1004 1768 salutaverit,
1023 1739 1163 1771 eumque
1184 1727 1240 1770 qui
1258 1726 1291 1758 in
1310 1726 1460 1759 cubiculo
1479 1737 1536 1758 suo
1559 1725 1762 1769 hospitaliter
1778 1737 1829 1758 me
1841 1725 2014 1769 exceperit,
2033 1732 2066 1758 et
2083 1737 2157 1758 eum

311 1797 401 1840 cujus
421 1797 517 1840 pedes
537 1797 702 1840 pulverem
721 1796 863 1829 excitent
886 1796 920 1828 iu
941 1796 1061 1828 auxilio
1085 1795 1167 1827 mihi
1190 1795 1400 1838 praestando:
1418 1793 1506 1837 quod
1529 1806 1602 1827 vero
1624 1801 1776 1837 quartum
1795 1794 1912 1826 attinet
1932 1805 2005 1826 eum
2027 1805 2087 1838 pro
2106 1805 2158 1826 me

311 1874 407 1895 nemo
434 1863 696 1895 remunerabitur
727 1863 788 1895 nisi
825 1865 907 1895 Deus
932 1863 1073 1895 excelsus
1106 1869 1138 1895 et
1161 1862 1318 1895 eminens.
1365 1864 1403 1894 Et
1433 1867 1566 1905 rogatus
1588 1860 1660 1903 quis
1682 1861 1736 1893 ille
1756 1867 1854 1901 esset,
1880 1863 2004 1902 Homo,
2031 1861 2159 1904 inquit,

311 1931 362 1962 cui
396 1930 503 1973 aliqua
534 1941 567 1962 re
594 1930 793 1973 perficienda
826 1941 905 1973 opus
931 1930 972 1962 sit
998 1930 1121 1974 quique
1150 1935 1249 1962 totam
1280 1934 1407 1960 noetein
1431 1928 1576 1972 cogitans
1600 1928 1730 1960 cuinam
1758 1928 1846 1960 illam
1876 1929 1982 1960 tradat
2009 1935 2078 1960 tum
2107 1940 2159 1960 nie

298 1998 418 2033 „videat
446 1998 500 2029 illa
527 1998 664 2042 dignum
698 1998 846 2040 mihique
873 1998 962 2030 illam
997 1998 1139 2030 mandet.
1167 2016 1203 2021 -
1229 1998 1370 2029 Mortuus
1397 2002 1444 2029 est
1477 1995 1671 2028 ²Abdo-l-li1h
1693 1996 1880 2028 ibn-‘Abbz‘is
1915 1997 2055 2040 (gratum
2082 2008 2157 2029 eum

393 2161 403 2180 ¹
426 2159 492 2188 vid.
508 2169 533 2187 v.
555 2160 708 2195 Hammer,
735 2159 825 2187 Ueher
845 2159 891 2187 die
907 2159 1218 2197 Ldnderwru-altunq,
1237 2165 1289 2187 etc.
1309 2170 1338 2199 p.
1357 2159 1412 2188 114
1429 2170 1490 2199 sqq.

392 2224 404 2244 2
427 2219 579 2251 'Ibn-Calt.
600 2233 671 2251 vers.
690 2222 778 2261 Angl.
797 2223 824 2258 I,
845 2233 875 2262 p.
894 2222 966 2256 438,
986 2230 1030 2251 11⁰.
1055 2224 1086 2259 ὃ,
1106 2222 1203 2262 (mort.
1230 2234 1255 2250 a.
1276 2223 1357 2261 225).

375 2271 404 2313 *3
426 2296 495 2320 Amr
513 2293 591 2320 enini
608 2293 777 2331 Aegyptum
798 2292 829 2319 in
846 2292 1009 2331 praemium
1031 2291 1166 2330 acquisiti
1184 2301 1236 2330 per
1255 2302 1319 2320 suas
1342 2292 1489 2331 nequitias
1510 2287 1650 2324 Culisatus
1674 2302 1690 2319 a
1711 2290 1845 2328 Mofiwijz-*i
1869 2295 2028 2329 acceperat5
2051 2289 2153 2319 Abqu.

313 2361 391 2388 Ami.
412 2361 440 2396 Ι,
456 2371 484 2400 p.
503 2360 570 2393 326,
587 2366 615 2388 et
634 2361 758 2388 omnino
781 2371 810 2400 p.
829 2359 896 2388 356.

393 2429 404 2448 ³
427 2427 519 2457 Mense
551 2428 680 2456 secundo
713 2439 737 2456 a.
771 2427 809 2456 37
847 2438 948 2467 pugna
979 2429 1091 2468 incepit
1118 2434 1146 2457 et
1178 2438 1228 2468 per
1260 2427 1316 2456 110
1344 2427 1404 2455 dies
1438 2428 1608 2466 nonagesies
1635 2427 1718 2466 signa
1753 2426 1861 2455 collata
1894 2426 2048 2455 dicuntur:
2084 2425 2156 2456 ibid.

312 2503 340 2531 p.
353 2491 426 2527 306,
447 2502 510 2531 sqq.

295 2616 309 2625 ι.
