2415 2922
255 292 870 302 “muzus-sus§ss=suuuxnvuuvns»munuum«n„
893 292 914 300 xx
937 292 958 299 «x
973 291 1046 299 sunu
1060 290 1134 298 uuus
1159 291 1178 298 x»
1193 291 1200 298 s
1215 290 1223 298 κ
1236 291 1266 298 «u
1281 290 1310 298 u·
1336 290 1355 297 u
1380 290 1389 297 x

257 902 429 960 Cogitanti
452 917 528 947 milti
551 917 589 948 de
618 920 786 960 specimine
817 921 849 947 in
879 916 978 947 literis
1006 915 1154 946 Arabicis
1185 914 1303 945 edendo
1334 921 1363 944 et
1395 913 1475 944 lianc
1506 924 1606 944 meam
1640 917 1859 956 cogitationem
1894 925 1961 944 cum
1994 914 2033 944 V.
2063 915 2110 945 c'l.

253 986 384 1027 PVeyers
409 988 666 1022 communicanti,
702 984 752 1015 llic
784 990 895 1015 auctor
924 983 1001 1014 milli
1023 984 1097 1026 suit
1123 989 1157 1013 ut
1189 983 1312 1013 ederem
1347 993 1388 1013 ex
1423 981 1529 1013 codice
1560 981 1699 1012 Instiluti
1729 982 1819 1024 Regii
1851 981 1970 1024 Belgici
1999 982 2114 1013 Lea‘ici

250 1053 446 1096 biograpkici
459 1047 722 1084 Ibn-C'allz'cfinis
745 1063 799 1082 eas
825 1055 904 1083 vitas
917 1075 925 1089 ,
951 1062 1028 1094 quas
1049 1050 1138 1093 alius]
1151 1050 1257 1081 nullus
1275 1050 1334 1080 lzuc
1356 1060 1451 1092 usque
1469 1053 1611 1092 cognitus
1631 1050 1697 1091 ejus
1716 1048 1787 1078 libri
1808 1049 1908 1079 codex
1931 1054 2112 1081 contineret.

254 1119 399 1150 Codicem
425 1119 466 1151 V.
499 1119 545 1151 Cl.
572 1131 632 1150 van
656 1119 784 1162 Lennep
814 1119 947 1161 benigue
975 1118 1051 1149 mihi
1079 1123 1240 1150 concessit.
1288 1118 1429 1148 Primum
1459 1120 1546 1147 vitas
1573 1128 1626 1146 eas
1652 1116 1862 1158 quadraginta
1892 1128 1958 1146 esse
1987 1129 2114 1147 numero

251 1198 293 1219 ex
323 1187 498 1230 Conspectu
520 1185 738 1228 Τχιίενηαιιηὶ1
763 1186 919 1223 intellexi,
951 1197 1026 1216 mox·
1059 1197 1148 1225 vero,
1185 1185 1224 1215 de
1259 1185 1308 1215 liis
1341 1184 1473 1215 sedecim
1503 1196 1522 1214 a
1556 1184 1594 1214 V.
1629 1183 1654 1214 C
1658 1183 1678 1214 l.
1711 1184 1916 1225 lViistenfi’ld
1947 1189 1978 1214 in
2009 1185 2115 1215 codice

251 1255 385 1298 quodam
405 1266 462 1286 suo
480 1261 621 1297 repertas
641 1266 709 1286 esse
730 1254 854 1292 videns,
880 1257 990 1297 viginti
1012 1259 1147 1297 quatuor
1168 1259 1287 1283 tantum
1310 1252 1386 1282 milti
1407 1258 1526 1282 restare
1550 1251 1696 1282 edendas.
1750 1251 1871 1281 Harum
1889 1252 2034 1282 tredecim
2051 1264 2114 1294 pro

250 1319 419 1365 specimine
439 1322 531 1353 edere
555 1327 721 1361 constitui,
748 1323 886 1365 reliquas
902 1328 1016 1364 postea
1039 1328 1072 1352 ut
1092 1333 1184 1364 spero
1205 1321 1361 1357 editurus,
1379 1320 1617 1363 adjecturusque
1638 1319 1783 1350 lectiones
1810 1324 1966 1350 variantes
1993 1325 2023 1350 in
2045 1325 2113 1350 vitis

253 1391 315 1422 illis
336 1391 491 1428 sedecim,
517 1402 537 1420 a
560 1391 600 1422 V.
628 1389 676 1421 Cl.
708 1389 910 1433 IViistenfeld
924 1391 996 1432 jam
1022 1389 1125 1420 editis.

344 1459 383 1489 V.
411 1458 462 1491 Cl.
483 1459 617 1499 Weyers
637 1463 669 1488 in
693 1459 825 1501 epistola
846 1458 891 1489 ad
910 1470 957 1488 me
981 1458 1056 1488 data
1083 1457 1142 1488 sibi
1166 1457 1223 1487 lias
1246 1460 1325 1487 vitas
1346 1468 1406 1486 non
1429 1456 1467 1486 ab
1490 1451 1747 1489 Ibn-Callz'ceino
1768 1461 1904 1499 scriptas
1927 1468 1993 1488 esse
2018 1458 2115 1488 videri

251 1527 351 1563 dixit,
374 1534 559 1569 argumenta
580 1533 684 1557 tamen
705 1526 815 1569 quibus
837 1526 918 1556 lianc
940 1537 1028 1556 suam
1049 1529 1232 1556 sententiam
1254 1525 1457 1566 confirmaret
1474 1536 1535 1554 non
1556 1524 1691 1562 addens,
1715 1525 1750 1554 id
1767 1524 1852 1567 quod
1871 1524 1940 1555 ideo
1962 1529 2115 1567 imprimis

253 1599 411 1637 ingratum
433 1594 510 1624 milii
523 1593 653 1631 accidit,
679 1593 764 1636 quod
781 1593 839 1623 bac
861 1593 899 1623 de
920 1604 1015 1623 causa
1036 1604 1088 1623 ore.
1108 1592 1243 1634 colloqui
1254 1591 1438 1633 prohiberet
1458 1592 1530 1621 Viri
1547 1591 1723 1622 Clarissimi
1744 1591 1885 1629 morbus,
1910 1593 1998 1633 cujus
2010 1592 2111 1633 finem

254 1663 337 1693 brevi
355 1669 431 1705 post
455 1674 539 1693 mors
570 1669 651 1693 esset
679 1662 827 1693 allatura.
873 1661 958 1692 Nam
988 1666 1172 1703 argumenta
1204 1659 1326 1702 quidem
1364 1664 1496 1690 inveniri
1525 1666 1685 1703 possunt,
1721 1672 1799 1703 qliae
1834 1660 1904 1690 Viri
1938 1660 2113 1691 Clarissimi

254 1736 395 1774 opinioni
406 1732 564 1774 faveant,
597 1731 653 1762 sed
676 1731 781 1763 dubito
802 1743 843 1761 an
866 1735 944 1761 satis
966 1730 1070 1761 valida
1096 1733 1308 1771 reperiantur,
1333 1734 1368 1759 ut
1395 1734 1511 1758 certum
1537 1732 1575 1758 iis
1598 1732 1655 1758 niti
1670 1732 1774 1770 possit
1789 1728 1956 1770 judicium.
1998 1729 2115 1759 Dicunt

253 1805 334 1832 enim
356 1806 435 1832 vitas
463 1813 523 1831 non
549 1802 612 1846 legi
636 1805 668 1831 in
689 1800 899 1843 autographo,
925 1800 1010 1843 quod
1034 1801 1185 1829 inuenerit
1215 1795 1367 1834 szreton,
1394 1807 1513 1839 quoque
1536 1808 1609 1826 usus
1635 1800 1676 1827 sit
1698 1796 1736 1826 de
1760 1795 1867 1826 Slane.
1913 1796 1979 1826 Sed
1995 1803 2116 1826 constat

255 1879 316 1897 non
345 1872 449 1898 statim
475 1872 525 1898 'ita
551 1868 590 1898 ab
610 1867 866 1900 Ibit-Gallicano
896 1879 974 1910 opus
1001 1878 1090 1898 suum
1115 1873 1148 1896 ut
1173 1877 1255 1896 nunc
1277 1865 1424 1896 habemus
1453 1877 1520 1896 esse
1544 1864 1681 1895 editum:
1707 1870 1741 1894 ut
1760 1863 1819 1894 liae
1842 1867 1921 1893 vitae
1948 1874 1990 1893 ex
2006 1867 2115 1905 priore

254 1935 389 1978 quadam
416 1939 520 1978 operis
539 1936 748 1967 adornatione
769 1947 835 1966 esse
858 1939 993 1977 possint.
1041 1935 1216 1965 Provocant
1242 1937 1335 1963 etiam
1367 1933 1411 1963 ad
1425 1932 1660 1976 praefationem
1676 1955 1684 1969 ,
1712 1935 1743 1961 in
1775 1942 1837 1974 qua
1868 1931 1985 1961 dixerit
2008 1937 2118 1961 auctor

253 2014 287 2033 se
309 2014 370 2033 non
390 2002 535 2032 daturum
559 2007 637 2033 vitas
659 2007 794 2033 omnium
816 2006 971 2033 sociorum
995 1999 1237 2035 stsolzammadis
1261 2012 1318 2030 nec
1337 2012 1442 2031 eorum
1468 2000 1674 2037 asseclarum,
1702 2010 1794 2041 seque
1818 1998 1937 2029 nullum
1963 2009 2114 2028 memora-

255 2078 355 2102 turum
379 2066 549 2114 Castfam,
575 2078 656 2101 metu
679 2083 718 2101 ne
743 2075 774 2100 in
800 2072 950 2113 majorem
975 2069 1085 2100 molem
1111 2081 1188 2111 opus
1211 2075 1371 2099 cresceret.
1422 2068 1488 2099 Sed
1499 2074 1607 2110 potest
1624 2067 1700 2097 lutee
1720 2065 1882 2108 praefatio
1905 2065 1949 2095 ad
1966 2069 2115 2095 seriorem

249 2144 409 2181 pertinere
433 2146 575 2170 oetatem.
622 2138 707 2169 Nam
728 2143 756 2169 si
781 2150 848 2169 vere
868 2138 907 2169 ab
928 2137 1188 2170 Ibit-Gallicano
1211 2141 1291 2168 witae
1319 2141 1381 2167 sint
1413 2139 1624 2178 conscriptae,
1658 2146 1721 2164 rem
1749 2138 1793 2164 ita
1825 2133 1913 2164 nobis
1935 2145 2115 2176 proponere

250 2219 436 2251 possumus,
464 2221 531 2239 eum
550 2213 688 2251 primum
715 2209 752 2239 de
777 2208 894 2239 Lexico
918 2213 1090 2251 cogitasse,
1117 2207 1202 2251 quod
1224 2217 1330 2236 omnes
1356 2208 1482 2235 omnino
1509 2203 1782 2246 cottzprelzenderet
1805 2207 1886 2233 viros
1909 2201 2006 2245 paulo
2026 2202 2114 2233 illus-

257 2280 389 2313 triores,
414 2277 472 2307 sed
494 2288 585 2319 quum
602 2277 673 2318 jam
697 2276 815 2306 videret
833 2275 924 2317 liujus
945 2279 995 2306 sui
1016 2279 1119 2318 operis
1145 2274 1292 2305 ambitum
1307 2273 1386 2315 fore
1408 2275 1550 2307 nimium,
1575 2265 1707 2314 C'al'Zfas
1729 2276 1759 2300 et
1776 2274 1944 2312 prosimos
1963 2269 2113 2304 stlolzam-

258 2343 363 2374 madis
389 2348 485 2374 aetati
513 2347 594 2374 viros
618 2349 730 2385 postea
761 2347 910 2374 omisisse.
967 2343 1005 2372 In
1037 2343 1136 2374 altera
1165 2342 1224 2372 lzac
1251 2340 1385 2371 editione
1413 2339 1575 2370 omittendi
1607 2344 1697 2368 erant
1719 2342 1810 2368 etiam
1839 2338 1964 2368 articuli
1994 2343 2115 2374 manci,-

340 2495 350 2515 1
376 2493 482 2533 Ampla
503 2494 537 2521 in
558 2492 648 2533 hujus
669 2492 738 2521 libri
762 2493 914 2522 Prooemio
937 2504 963 2533 p.
979 2494 1017 2522 39
1034 2504 1097 2533 sqq.
1112 2493 1221 2532 legitur
1237 2492 1345 2521 codicis
1363 2491 1455 2520 nostri
1471 2502 1487 2518 a
1502 2490 1533 2518 V.
1548 2489 1592 2519 Cl.
1610 2489 1744 2518 Willmet
1758 2490 1923 2530 conscripta
1937 2490 2103 2530 descrip1i0.
