2415 2922
272 1343 324 1373 lx.

1181 253 1214 255 n„
1246 236 1284 264 10
1312 252 1347 255 e.

348 339 532 381 Madaynnm
563 338 775 370 concesserint
807 348 879 369 cum
910 338 978 369 Alio
1007 338 1149 380 (gratum
1181 347 1255 367 eum
1283 335 1402 367 habeat
1431 332 1525 375 Deus)
1550 344 1650 376 quum
1687 333 1741 365 hic
1766 333 1899 365 rebelles
1931 333 1964 364 in
1991 332 2187 368 Nahrawfino

346 406 533 438 confecisset
548 409 567 436 ¹.
586 423 628 429 —-
645 407 788 449 Rogatus
808 416 905 449 quein
925 404 1055 436 vidisset
1078 403 1120 435 ita
1145 402 1301 434 narravit:
1325 403 1432 442 Quum
1454 411 1615 443 pascerem
1641 412 1716 433 oves
1737 399 1881 432 familiae
1907 410 1997 432 meae
2020 399 2187 443 praeteriit

347 485 398 504 nie
414 484 531 516 agmen
555 473 725 505 hominum
753 472 883 504 camelis
903 471 952 504 vel
973 471 1063 514 equis
1082 476 1245 503 vectorum
1263 479 1413 511 measque
1429 479 1502 500 oves
1519 467 1682 511 dispersit.
1720 469 1809 499 Tunc
1825 466 1872 498 vir
1892 466 2025 509 quidam
2048 467 2187 506 adstans,

347 541 548 582 Congregate
567 539 697 582 juveni,
724 538 842 581 inquit,
876 549 949 571 oves
971 539 1050 579 ojus,
1070 536 1347 579 quemadmodum
1374 535 1403 568 ei
1430 535 1498 567 illas
1524 534 1727 578 dispersistis.
1773 536 1841 578 Ego
1862 544 1936 566 vero
1959 543 2060 564 unum
2077 544 2187 565 eorum

346 613 471 638 secutus
504 607 613 650 rogavi
635 606 767 649 quinam
790 612 872 638 essct
893 605 952 637 iste
979 605 1094 642 honio,
1120 604 1210 646 isque
1242 602 1323 633 mihi
1347 601 1513 645 respondit
1537 612 1602 633 esse
1631 601 1791 634 Profetam
1817 600 2003 645 (benedicat
2031 599 2061 631 ei
2088 600 2186 638 Deus,

345 673 440 715 eique
456 673 591 705 salutem
608 673 687 714 det).
706 690 749 697 —
767 672 853 704 Dixit
863 672 1032 704 ·al—‘A=mas:
1058 670 1145 702 Dixit
1165 669 1247 701 mihi
1268 660 1365 711 Saqiq
1385 667 1600 705 ibn-Salima:
1613 667 1701 708 Quid
1718 668 1744 700 si
1760 679 1811 700 me
1827 667 1957 699 vidisses
1978 677 2079 709 quum
2096 666 2188 710 fuge.-

346 751 452 772 remus
465 737 615 772 Calidum
632 739 875 772 ·ibno—l-Walid
887 739 940 771 die
957 740 1094 774 Bozacz-ie
1108 739 1136 769 ²:
1154 737 1221 780 ipse
1241 736 1347 769 decidi
1363 736 1403 768 de
1420 735 1543 768 camelo
1558 742 1590 768 et
1607 735 1725 768 collum
1742 734 1810 767 fere
1831 735 1925 779 fregi:
1948 741 1980 767 et
1998 734 2024 766 si
2044 741 2188 767 mortuus

346 819 444 839 essem
463 818 499 839 eo
515 807 568 839 dic
588 807 620 839 in
637 807 747 850 ignem
763 807 928 850 conjectus
951 805 1092 838 fuissem.
1109 804 1245 837 Addidit
1260 815 1292 836 se
1308 814 1345 835 eo
1364 802 1417 834 die
1433 802 1584 834 undecim
1597 813 1697 834 annos
1721 808 1834 834 natum
1852 801 1960 834 fuisse.
1981 821 2018 827 —
2042 801 2187 833 Habebat

347 874 528 918 Abu-way!
558 875 735 907 tentorium
759 886 796 907 ex
818 875 930 906 cannis
952 873 1074 906 sactum
1098 873 1130 904 in
1153 883 1217 915 quo
1236 872 1303 914 ipse
1322 882 1395 903 cum
1417 880 1500 912 equo
1526 869 1684 913 degebat:
1708 869 1750 901 ad
1774 868 2012 912 expeditionem
2038 869 2187 900 bellicam

345 941 547 983 proficiscens
584 942 665 973 illud
699 942 900 982 destruebat,
925 940 1052 973 rediens
1083 938 1285 972 restituebat.
1312 957 1351 961 —-
1384 937 1495 969 Dicere
1527 936 1649 968 solebat
1682 936 1870 968 ·al—'A=masoz
1900 936 2056 979 Egregius
2080 936 2189 968 domi—

347 1019 404 1038 nus
429 1014 507 1039 esset
537 1007 687 1039 dominus
711 1014 835 1049 noster,
866 1006 1079 1040 Solaimz‘messl
1105 1006 1130 1037 si
1155 1011 1277 1036 tantam
1300 1004 1329 1036 ei
1355 1010 1588 1047 praestaremus
1614 1003 1833 1036 obedientiam
1861 1010 2021 1046 quantum
2054 1003 2189 1035 rebelles

344 1085 419 1117 erga
442 1085 516 1105 eum
541 1085 661 1106 sumus.
675 1095 714 1098 -—
736 1075 824 1106 Dixit
844 1074 1081 1107 etiam:Audio
1102 1073 1250 1106 homines
1268 1072 1431 1104 dieentes:
1455 1071 1557 1114 Daniq
1571 1079 1604 1104 et
1615 1073 1710 1112 Qirat.
1730 1073 1842 1103 Utrum
1861 1071 1977 1114 Daniqc‘
1990 1074 2026 1112 (ι’.
2044 1083 2070 1103 e.
2088 1071 2188 1111 stulti)

344 1141 457 1184 majori
480 1152 615 1173 numero
636 1141 856 1182 inveniuntur,
875 1153 915 1174 an
931 1143 1035 1182 Qiratc'
1051 1143 1086 1184 (ι’.
1104 1152 1129 1172 e.
1146 1151 1247 1184 grana
1263 1138 1430 1181 siliquae)?
1441 1139 1465 1169 4.
1478 1157 1521 1164 —-
1534 1138 1622 1170 Dixit
1641 1138 1722 1170 Sa=id
1735 1138 1923 1181 ·ibn-Qalih:
1939 1138 2089 1170 Praeibat
2102 1137 2190 1170 Aba·

343 1208 438 1251 Wayl
461 1207 574 1240 funera
601 1214 707 1240 nostra
731 1219 833 1251 quum
857 1214 952 1240 natus
976 1213 1057 1240 esset
1080 1217 1181 1240 annos
1209 1209 1268 1237 150
1287 1207 1310 1237 ⁵.
1336 1205 1521 1238 Misereatur
1545 1208 1613 1247 ejus
1638 1207 1738 1246 Deus,
1765 1205 1821 1248 qui
1845 1205 2016 1237 exaltetur!
2044 1225 2084 1230 —

430 1342 624 1385 Abu-l-Fatgl
656 1342 743 1385 (galil-1
766 1342 1118 1382 ·ibn-Abdi-l-Qaddas
1146 1341 1281 1373 ·al-'Azdi
1302 1342 1326 1372 6.

429 1409 534 1441 Cliens
562 1409 698 1450 alAzdz‘,
737 1416 842 1452 poeta.
878 1427 923 1434 -
954 1409 1174 1452 Suspicionem
1212 1409 1252 1440 de
1282 1419 1320 1440 eo
1353 1407 1470 1440 habuit
1492 1407 1656 1439 ·al-Mahdi
1692 1418 1766 1439 eum
1796 1407 1963 1440 addictum
1991 1419 2056 1439 esse
2085 1415 2188 1440 sectae

342 1476 549 1519 Zindiqorum
573 1477 596 1515 ⁷,
630 1487 732 1519 eaque
766 1476 807 1509 de
833 1487 925 1508 cansa
951 1487 1025 1508 eum
1050 1476 1091 1507 ad
1125 1487 1158 1507 se
1185 1475 1261 1508 ferri
1285 1475 1392 1519 jussit.
1439 1475 1501 1517 Qui
1525 1486 1626 1518 quum
1650 1475 1776 1507 adstans
1798 1475 1903 1518 ipsum
1930 1475 2088 1508 allocutus
2109 1481 2189 1508 esset

341 1543 516 1575 admiratus
550 1549 597 1575 est
621 1543 788 1575 ·a1-Mahd1
820 1543 1059 1587 intelligentiae
1092 1542 1372 1585 humanitatisque
1403 1542 1437 1574 in
1471 1553 1508 1574 eo
1533 1541 1659 1585 copiam
1690 1540 1990 1585 praestantiaeque,
2022 1542 2188 1585 animique

341 1611 554 1642 constantiam
574 1617 606 1642 et
628 1610 882 1654 amplitudinem
899 1609 1036 1653 judicii,
1062 1609 1158 1652 eique
1180 1609 1362 1641 libertatem
1383 1608 1516 1641 concedi
1538 1609 1643 1651 jussit.
1669 1610 1775 1649 Quum
1798 1615 1905 1641 tamen
1925 1620 1957 1641 se
1984 1609 2188 1642 convertisset

341 1678 444 1710 redire
463 1689 537 1710 eum
556 1676 650 1718 fecit,
675 1683 722 1718 et,
748 1679 863 1709 Annon
886 1683 939 1718 tu,
964 1675 1088 1719 inquit,
1114 1675 1242 1707 dixisti:

424 1829 433 1848 ¹
455 1826 641 1863 Aba-isius,
660 1826 690 1860 Ι,
714 1837 744 1866 p.
766 1825 842 1862 326,
866 1836 892 1854 v.
918 1826 1065 1855 Hammcrs
1091 1825 1308 1859 Gema‘ldesaal,
1334 1825 1363 1862 1,
1384 1837 1413 1865 p.
1438 1825 1506 1854 342.

421 1896 433 1915 2
456 1895 568 1924 Nomen
589 1895 646 1923 loci
674 1900 731 1930 est,
755 1895 788 1922 in
812 1904 873 1933 quo
891 1892 1045 1922 Abu-Bacr
1063 1898 1181 1932 gentem
1200 1892 1276 1921 Asad
1298 1898 1328 1922 et
1348 1893 1452 1922 Gatfan
1470 1892 1592 1932 fugavit:
1609 1892 1965 1922 ·al·lt1aid5n11’roverh2'a
1986 1893 2119 1921 Arabica
2138 1893 2183 1922 ed.

341 1964 434 2002 Freyt.
454 1963 499 1991 III
510 1986 516 1995 ,
539 1973 569 2002 p.
590 1962 657 1991 597.
680 1962 780 1990 Melius
795 1961 916 1991 dixisset
929 1957 1025 1995 Calai,
1045 1971 1136 2000 quam
1147 1961 1318 1990 Aha-Bam.
1340 1961 1412 1990 Vide
1425 1960 1515 2000 hujus
1532 1961 1620 1989 vitam
1636 1960 1683 1989 N0.
1698 1961 1771 1989 XIV.
1788 1976 1826 1982 —
1840 1957 1935 1994 Calidi
1952 1961 2041 1989 vitam
2053 1961 2184 1989 invenias

342 2030 420 2069 apud
442 2030 523 2058 Naw.
543 2041 572 2070 p.
596 2035 663 2062 Free-
978 2029 991 2051 3
1013 2028 1138 2057 Plenum
1157 2038 1267 2057 nomen
1287 2029 1442 2058 wil-Amasi
1461 2034 1516 2058 est:
1536 2028 1795 2063 :Aha-Motiamrnad
1813 2029 1962 2058 Solaiman
1983 2028 2182 2057 'ibn-Mihran.

422 2099 434 2120 4
455 2098 550 2138 Dfiniq
568 2103 608 2126 est
624 2103 741 2126 moneta
758 2097 830 2126 duos
842 2098 996 2126 continens
1012 2102 1117 2136 qirfitos
1132 2102 1160 2126 et
1177 2097 1293 2125 tertiam
1310 2102 1431 2136 partem:
1448 2097 1505 2126 vid.
1521 2108 1545 2125 v.
1560 2097 1702 2131 Hammer⁷
1719 2097 1809 2125 Ueher
1824 2097 1871 2125 die
1881 2097 2182 2135 Leinderrerwaltunq

342 2172 427 2195 witer
442 2166 505 2194 clem
523 2165 687 2204 Chalzfate,
701 2176 731 2205 p.
749 2164 802 2194 151
814 2187 822 2202 ,
837 2175 901 2204 sqq.
921 2164 975 2193 Pro
986 2160 1017 2213 'l
1033 2163 1193 2203 legendum
1208 2169 1282 2204 puto
1297 2161 1342 2215 ¹,l-

424 2237 434 2254 ⁵
457 2235 584 2263 Mortuus
593 2239 634 2262 est
645 2244 670 2262 a.
682 2232 721 2262 79
731 2233 773 2273 (p.
784 2232 814 2261 C.
829 2232 970 2272 693-9).
980 2232 1120 2261 Nawawi.
1135 2233 1219 2269 Quod
1228 2233 1378 2274 quomodo
1390 2244 1457 2262 cum
1468 2232 1524 2262 hac
1534 2233 1692 2262 traditione
1703 2233 1840 2273 componi
1849 2233 1948 2272 possit,
1956 2242 2009 2271 ego
2020 2242 2082 2260 non
2090 2232 2182 2261 video.

424 2308 436 2328 ¹5
458 2306 539 2334 Nihil
557 2305 593 2334 de
611 2316 644 2334 eo
663 2305 778 2341 inveni,
802 2305 859 2333 nisi
880 2304 960 2344 quod
984 2310 1122 2334 narratur
1139 2304 1176 2334 ab
1193 2301 1303 2334 'Ibn-C.
1319 2316 1349 2345 p.
1370 2310 1423 2338 ‘tn'
1445 2310 1472 2333 et
1493 2311 1564 2340 ογΡ,
1581 2305 1613 2334 in
1628 2315 1756 2344 quorum
1774 2305 1906 2334 locorum
1925 2305 2021 2344 priore
2037 2315 2183 2333 memora-

345 2383 394 2405 tur
417 2375 491 2404 liber
511 2374 634 2414 quidam
653 2374 714 2413 ejus
734 2373 769 2401 de
789 2373 900 2401 dubiis.

424 2444 435 2464 ⁷
458 2443 496 2471 De
522 2443 608 2471 Slane
629 2452 698 2471 vers.
725 2442 814 2481 Angl.
834 2441 858 2475 1,
888 2452 916 2481 p.
942 2441 1000 2470 438
1021 2442 1054 2470 in
1072 2448 1152 2479 nota,
1172 2442 1208 2471 de
1227 2442 1283 2471 hoc
1300 2441 1445 2472 vocabulo
1465 2442 1574 2480 relegat
1597 2441 1632 2469 ad
1654 2439 1819 2469 a’nerbotot
1837 2441 1916 2468 ΒΗΛ.
1942 2440 1990 2469 Or.
2011 2451 2036 2470 v.
2049 2440 2181 2477 Zendik,

343 2519 371 2542 et
393 2512 487 2547 Price,
512 2511 689 2548 Retrospect,
709 2510 767 2538 vol.
789 2510 833 2545 ΙΙ,
856 2521 884 2549 p.
901 2509 938 2538 43
961 2509 1051 2549 [sqq]

2254 1361 2296 1380 1⁸9*
